%YAML 1.1
%TAG !u! tag:unity3d.com,2011:
--- !u!1001 &100100000
Prefab:
  m_ObjectHideFlags: 1
  serializedVersion: 2
  m_Modification:
    m_TransformParent: {fileID: 0}
    m_Modifications: []
    m_RemovedComponents: []
  m_ParentPrefab: {fileID: 0}
  m_RootGameObject: {fileID: 1581179908386114}
  m_IsPrefabParent: 1
--- !u!1 &1003990146264896
GameObject:
  m_ObjectHideFlags: 0
  m_PrefabParentObject: {fileID: 0}
  m_PrefabInternal: {fileID: 100100000}
  serializedVersion: 5
  m_Component:
  - component: {fileID: 4136592029067640}
  - component: {fileID: 114194053341500424}
  - component: {fileID: 33909695379762654}
  - component: {fileID: 23262690195725292}
  m_Layer: 0
  m_Name: AreaLight (4)
  m_TagString: Untagged
  m_Icon: {fileID: 0}
  m_NavMeshLayer: 0
  m_StaticEditorFlags: 0
  m_IsActive: 1
--- !u!1 &1025347522969192
GameObject:
  m_ObjectHideFlags: 0
  m_PrefabParentObject: {fileID: 0}
  m_PrefabInternal: {fileID: 100100000}
  serializedVersion: 5
  m_Component:
  - component: {fileID: 4632303198472068}
  - component: {fileID: 114447617444074132}
  - component: {fileID: 33755448744485370}
  - component: {fileID: 23878130743200864}
  m_Layer: 0
  m_Name: TubeLight (10)
  m_TagString: Untagged
  m_Icon: {fileID: 0}
  m_NavMeshLayer: 0
  m_StaticEditorFlags: 0
  m_IsActive: 1
--- !u!1 &1035362543265036
GameObject:
  m_ObjectHideFlags: 1
  m_PrefabParentObject: {fileID: 0}
  m_PrefabInternal: {fileID: 100100000}
  serializedVersion: 5
  m_Component:
  - component: {fileID: 4223866612405840}
  - component: {fileID: 114078394425727618}
  m_Layer: 0
  m_Name: Shadow Plane
  m_TagString: Untagged
  m_Icon: {fileID: 0}
  m_NavMeshLayer: 0
  m_StaticEditorFlags: 0
  m_IsActive: 1
--- !u!1 &1049384871797630
GameObject:
  m_ObjectHideFlags: 0
  m_PrefabParentObject: {fileID: 0}
  m_PrefabInternal: {fileID: 100100000}
  serializedVersion: 5
  m_Component:
  - component: {fileID: 4223506290597820}
  - component: {fileID: 114963978672587892}
  - component: {fileID: 33458060462405252}
  - component: {fileID: 23853729228790698}
  m_Layer: 0
  m_Name: TubeLight (9)
  m_TagString: Untagged
  m_Icon: {fileID: 0}
  m_NavMeshLayer: 0
  m_StaticEditorFlags: 0
  m_IsActive: 1
--- !u!1 &1054863363586994
GameObject:
  m_ObjectHideFlags: 1
  m_PrefabParentObject: {fileID: 0}
  m_PrefabInternal: {fileID: 100100000}
  serializedVersion: 5
  m_Component:
  - component: {fileID: 4013409521377714}
  - component: {fileID: 114109367220267680}
  m_Layer: 0
  m_Name: Shadow Plane
  m_TagString: Untagged
  m_Icon: {fileID: 0}
  m_NavMeshLayer: 0
  m_StaticEditorFlags: 0
  m_IsActive: 1
--- !u!1 &1076136560977224
GameObject:
  m_ObjectHideFlags: 0
  m_PrefabParentObject: {fileID: 0}
  m_PrefabInternal: {fileID: 100100000}
  serializedVersion: 5
  m_Component:
  - component: {fileID: 4756266054232820}
  - component: {fileID: 114548411978201272}
  - component: {fileID: 33592034461402400}
  - component: {fileID: 23355549708335290}
  m_Layer: 0
  m_Name: AreaLight
  m_TagString: Untagged
  m_Icon: {fileID: 0}
  m_NavMeshLayer: 0
  m_StaticEditorFlags: 0
  m_IsActive: 1
--- !u!1 &1100748396959682
GameObject:
  m_ObjectHideFlags: 0
  m_PrefabParentObject: {fileID: 0}
  m_PrefabInternal: {fileID: 100100000}
  serializedVersion: 5
  m_Component:
  - component: {fileID: 4638420009343980}
  - component: {fileID: 114143133070751792}
  - component: {fileID: 33081017526275964}
  - component: {fileID: 23768609526598348}
  m_Layer: 0
  m_Name: AreaLight (1)
  m_TagString: Untagged
  m_Icon: {fileID: 0}
  m_NavMeshLayer: 0
  m_StaticEditorFlags: 0
  m_IsActive: 1
--- !u!1 &1111417710504638
GameObject:
  m_ObjectHideFlags: 0
  m_PrefabParentObject: {fileID: 0}
  m_PrefabInternal: {fileID: 100100000}
  serializedVersion: 5
  m_Component:
  - component: {fileID: 4421632250430592}
  - component: {fileID: 114837810092281250}
  - component: {fileID: 33055608122682554}
  - component: {fileID: 23187985298937632}
  m_Layer: 0
  m_Name: TubeLight (2)
  m_TagString: Untagged
  m_Icon: {fileID: 0}
  m_NavMeshLayer: 0
  m_StaticEditorFlags: 0
  m_IsActive: 1
--- !u!1 &1116531298766366
GameObject:
  m_ObjectHideFlags: 0
  m_PrefabParentObject: {fileID: 0}
  m_PrefabInternal: {fileID: 100100000}
  serializedVersion: 5
  m_Component:
  - component: {fileID: 4663790142770802}
  - component: {fileID: 114607899797238428}
  - component: {fileID: 33085935242792058}
  - component: {fileID: 23670913434168610}
  m_Layer: 0
  m_Name: TubeLight (7)
  m_TagString: Untagged
  m_Icon: {fileID: 0}
  m_NavMeshLayer: 0
  m_StaticEditorFlags: 0
  m_IsActive: 1
--- !u!1 &1147766899172462
GameObject:
  m_ObjectHideFlags: 1
  m_PrefabParentObject: {fileID: 0}
  m_PrefabInternal: {fileID: 100100000}
  serializedVersion: 5
  m_Component:
  - component: {fileID: 4472400145401536}
  - component: {fileID: 114722315867490090}
  m_Layer: 0
  m_Name: Shadow Plane
  m_TagString: Untagged
  m_Icon: {fileID: 0}
  m_NavMeshLayer: 0
  m_StaticEditorFlags: 0
  m_IsActive: 1
--- !u!1 &1191036257957656
GameObject:
  m_ObjectHideFlags: 1
  m_PrefabParentObject: {fileID: 0}
  m_PrefabInternal: {fileID: 100100000}
  serializedVersion: 5
  m_Component:
  - component: {fileID: 4798619304009190}
  - component: {fileID: 114213302827408886}
  m_Layer: 0
  m_Name: Shadow Plane
  m_TagString: Untagged
  m_Icon: {fileID: 0}
  m_NavMeshLayer: 0
  m_StaticEditorFlags: 0
  m_IsActive: 1
--- !u!1 &1202425745924070
GameObject:
  m_ObjectHideFlags: 0
  m_PrefabParentObject: {fileID: 0}
  m_PrefabInternal: {fileID: 100100000}
  serializedVersion: 5
  m_Component:
  - component: {fileID: 4443163025351016}
  - component: {fileID: 114747659162956740}
  - component: {fileID: 33657580073732244}
  - component: {fileID: 23815150793986022}
  m_Layer: 0
  m_Name: TubeLight (3)
  m_TagString: Untagged
  m_Icon: {fileID: 0}
  m_NavMeshLayer: 0
  m_StaticEditorFlags: 0
  m_IsActive: 1
--- !u!1 &1214530721529986
GameObject:
  m_ObjectHideFlags: 0
  m_PrefabParentObject: {fileID: 0}
  m_PrefabInternal: {fileID: 100100000}
  serializedVersion: 5
  m_Component:
  - component: {fileID: 4072918857929050}
  - component: {fileID: 114558757773884736}
  - component: {fileID: 33239599914251372}
  - component: {fileID: 23148058964715674}
  m_Layer: 0
  m_Name: AreaLight (2)
  m_TagString: Untagged
  m_Icon: {fileID: 0}
  m_NavMeshLayer: 0
  m_StaticEditorFlags: 0
  m_IsActive: 1
--- !u!1 &1267004588675414
GameObject:
  m_ObjectHideFlags: 0
  m_PrefabParentObject: {fileID: 0}
  m_PrefabInternal: {fileID: 100100000}
  serializedVersion: 5
  m_Component:
  - component: {fileID: 4632008484595742}
  - component: {fileID: 114453572511509146}
  - component: {fileID: 33735491090678472}
  - component: {fileID: 23643366734649980}
  m_Layer: 0
  m_Name: TubeLight (4)
  m_TagString: Untagged
  m_Icon: {fileID: 0}
  m_NavMeshLayer: 0
  m_StaticEditorFlags: 0
  m_IsActive: 1
--- !u!1 &1334611087757210
GameObject:
  m_ObjectHideFlags: 0
  m_PrefabParentObject: {fileID: 0}
  m_PrefabInternal: {fileID: 100100000}
  serializedVersion: 5
  m_Component:
  - component: {fileID: 4918289905915938}
  - component: {fileID: 114643326606082420}
  - component: {fileID: 33737229292428006}
  - component: {fileID: 23354532844559062}
  m_Layer: 0
  m_Name: AreaLight (7)
  m_TagString: Untagged
  m_Icon: {fileID: 0}
  m_NavMeshLayer: 0
  m_StaticEditorFlags: 0
  m_IsActive: 1
--- !u!1 &1340442933240904
GameObject:
  m_ObjectHideFlags: 0
  m_PrefabParentObject: {fileID: 0}
  m_PrefabInternal: {fileID: 100100000}
  serializedVersion: 5
  m_Component:
  - component: {fileID: 4844252114039334}
  - component: {fileID: 114562967485267640}
  - component: {fileID: 33701485164739938}
  - component: {fileID: 23708753286116810}
  m_Layer: 0
  m_Name: AreaLight (3)
  m_TagString: Untagged
  m_Icon: {fileID: 0}
  m_NavMeshLayer: 0
  m_StaticEditorFlags: 0
  m_IsActive: 1
--- !u!1 &1405200819792466
GameObject:
  m_ObjectHideFlags: 0
  m_PrefabParentObject: {fileID: 0}
  m_PrefabInternal: {fileID: 100100000}
  serializedVersion: 5
  m_Component:
  - component: {fileID: 4910491051276348}
  - component: {fileID: 114466048573247606}
  - component: {fileID: 33688393414414588}
  - component: {fileID: 23644256502657264}
  m_Layer: 0
  m_Name: TubeLight (1)
  m_TagString: Untagged
  m_Icon: {fileID: 0}
  m_NavMeshLayer: 0
  m_StaticEditorFlags: 0
  m_IsActive: 0
--- !u!1 &1490361738241566
GameObject:
  m_ObjectHideFlags: 1
  m_PrefabParentObject: {fileID: 0}
  m_PrefabInternal: {fileID: 100100000}
  serializedVersion: 5
  m_Component:
  - component: {fileID: 4777490093601192}
  - component: {fileID: 114409645485564848}
  m_Layer: 0
  m_Name: Shadow Plane
  m_TagString: Untagged
  m_Icon: {fileID: 0}
  m_NavMeshLayer: 0
  m_StaticEditorFlags: 0
  m_IsActive: 1
--- !u!1 &1522727109945704
GameObject:
  m_ObjectHideFlags: 0
  m_PrefabParentObject: {fileID: 0}
  m_PrefabInternal: {fileID: 100100000}
  serializedVersion: 5
  m_Component:
  - component: {fileID: 4700166402232064}
  - component: {fileID: 114705960298701880}
  - component: {fileID: 33764029874938584}
  - component: {fileID: 23216202878221358}
  m_Layer: 0
  m_Name: AreaLight (5)
  m_TagString: Untagged
  m_Icon: {fileID: 0}
  m_NavMeshLayer: 0
  m_StaticEditorFlags: 0
  m_IsActive: 1
--- !u!1 &1574063016138176
GameObject:
  m_ObjectHideFlags: 0
  m_PrefabParentObject: {fileID: 0}
  m_PrefabInternal: {fileID: 100100000}
  serializedVersion: 5
  m_Component:
  - component: {fileID: 4047219042841604}
  - component: {fileID: 114175355480805120}
  - component: {fileID: 33496241099310818}
  - component: {fileID: 23868617444143068}
  m_Layer: 0
  m_Name: TubeLight
  m_TagString: Untagged
  m_Icon: {fileID: 0}
  m_NavMeshLayer: 0
  m_StaticEditorFlags: 0
  m_IsActive: 1
--- !u!1 &1574773737554586
GameObject:
  m_ObjectHideFlags: 1
  m_PrefabParentObject: {fileID: 0}
  m_PrefabInternal: {fileID: 100100000}
  serializedVersion: 5
  m_Component:
  - component: {fileID: 4642194141413058}
  - component: {fileID: 114542091102590470}
  m_Layer: 0
  m_Name: Shadow Plane
  m_TagString: Untagged
  m_Icon: {fileID: 0}
  m_NavMeshLayer: 0
  m_StaticEditorFlags: 0
  m_IsActive: 1
--- !u!1 &1581179908386114
GameObject:
  m_ObjectHideFlags: 0
  m_PrefabParentObject: {fileID: 0}
  m_PrefabInternal: {fileID: 100100000}
  serializedVersion: 5
  m_Component:
  - component: {fileID: 4458193780061436}
  m_Layer: 0
  m_Name: Lights
  m_TagString: Untagged
  m_Icon: {fileID: 0}
  m_NavMeshLayer: 0
  m_StaticEditorFlags: 0
  m_IsActive: 1
--- !u!1 &1630740173666546
GameObject:
  m_ObjectHideFlags: 0
  m_PrefabParentObject: {fileID: 0}
  m_PrefabInternal: {fileID: 100100000}
  serializedVersion: 5
  m_Component:
  - component: {fileID: 4842272003085158}
  - component: {fileID: 114542823980242902}
  - component: {fileID: 33025195646567264}
  - component: {fileID: 23197250410511470}
  m_Layer: 0
  m_Name: TubeLight (8)
  m_TagString: Untagged
  m_Icon: {fileID: 0}
  m_NavMeshLayer: 0
  m_StaticEditorFlags: 0
  m_IsActive: 1
--- !u!1 &1679527482766800
GameObject:
  m_ObjectHideFlags: 1
  m_PrefabParentObject: {fileID: 0}
  m_PrefabInternal: {fileID: 100100000}
  serializedVersion: 5
  m_Component:
  - component: {fileID: 4554556346350062}
  - component: {fileID: 114884861220522408}
  m_Layer: 0
  m_Name: Shadow Plane
  m_TagString: Untagged
  m_Icon: {fileID: 0}
  m_NavMeshLayer: 0
  m_StaticEditorFlags: 0
  m_IsActive: 1
--- !u!1 &1706179558149576
GameObject:
  m_ObjectHideFlags: 0
  m_PrefabParentObject: {fileID: 0}
  m_PrefabInternal: {fileID: 100100000}
  serializedVersion: 5
  m_Component:
  - component: {fileID: 4853609190288536}
  - component: {fileID: 114353843767575006}
  - component: {fileID: 33192426248133590}
  - component: {fileID: 23865756225770068}
  m_Layer: 0
  m_Name: AreaLight (6)
  m_TagString: Untagged
  m_Icon: {fileID: 0}
  m_NavMeshLayer: 0
  m_StaticEditorFlags: 0
  m_IsActive: 1
--- !u!1 &1771232455786540
GameObject:
  m_ObjectHideFlags: 1
  m_PrefabParentObject: {fileID: 0}
  m_PrefabInternal: {fileID: 100100000}
  serializedVersion: 5
  m_Component:
  - component: {fileID: 4624272138673874}
  - component: {fileID: 114452677038644834}
  m_Layer: 0
  m_Name: Shadow Plane
  m_TagString: Untagged
  m_Icon: {fileID: 0}
  m_NavMeshLayer: 0
  m_StaticEditorFlags: 0
  m_IsActive: 1
--- !u!1 &1798189909515876
GameObject:
  m_ObjectHideFlags: 1
  m_PrefabParentObject: {fileID: 0}
  m_PrefabInternal: {fileID: 100100000}
  serializedVersion: 5
  m_Component:
  - component: {fileID: 4748934874986526}
  - component: {fileID: 114260486406006636}
  m_Layer: 0
  m_Name: Shadow Plane
  m_TagString: Untagged
  m_Icon: {fileID: 0}
  m_NavMeshLayer: 0
  m_StaticEditorFlags: 0
  m_IsActive: 1
--- !u!1 &1811005563499946
GameObject:
  m_ObjectHideFlags: 0
  m_PrefabParentObject: {fileID: 0}
  m_PrefabInternal: {fileID: 100100000}
  serializedVersion: 5
  m_Component:
  - component: {fileID: 4276938850856922}
  - component: {fileID: 114331641073901778}
  - component: {fileID: 33331747698080024}
  - component: {fileID: 23122448965499652}
  m_Layer: 0
  m_Name: TubeLight (5)
  m_TagString: Untagged
  m_Icon: {fileID: 0}
  m_NavMeshLayer: 0
  m_StaticEditorFlags: 0
  m_IsActive: 1
--- !u!1 &1899700934629734
GameObject:
  m_ObjectHideFlags: 1
  m_PrefabParentObject: {fileID: 0}
  m_PrefabInternal: {fileID: 100100000}
  serializedVersion: 5
  m_Component:
  - component: {fileID: 4692236443567952}
  - component: {fileID: 114822419679319802}
  m_Layer: 0
  m_Name: Shadow Plane
  m_TagString: Untagged
  m_Icon: {fileID: 0}
  m_NavMeshLayer: 0
  m_StaticEditorFlags: 0
  m_IsActive: 1
--- !u!1 &1952439046107504
GameObject:
  m_ObjectHideFlags: 0
  m_PrefabParentObject: {fileID: 0}
  m_PrefabInternal: {fileID: 100100000}
  serializedVersion: 5
  m_Component:
  - component: {fileID: 4671858099802942}
  - component: {fileID: 114697913474025848}
  - component: {fileID: 33652448691043000}
  - component: {fileID: 23418870453393542}
  m_Layer: 0
  m_Name: TubeLight (6)
  m_TagString: Untagged
  m_Icon: {fileID: 0}
  m_NavMeshLayer: 0
  m_StaticEditorFlags: 0
  m_IsActive: 1
--- !u!4 &4013409521377714
Transform:
  m_ObjectHideFlags: 1
  m_PrefabParentObject: {fileID: 0}
  m_PrefabInternal: {fileID: 100100000}
  m_GameObject: {fileID: 1054863363586994}
  m_LocalRotation: {x: -0.6427903, y: 0.094329156, z: -0.142897, w: 0.7466613}
  m_LocalPosition: {x: 1.19, y: 1.18, z: -0.71}
  m_LocalScale: {x: 2.3809524, y: 2.3809526, z: 2.3809526}
  m_Children: []
  m_Father: {fileID: 4443163025351016}
  m_RootOrder: 0
  m_LocalEulerAnglesHint: {x: -68.875, y: 64.501, z: -68.611}
--- !u!4 &4047219042841604
Transform:
  m_ObjectHideFlags: 1
  m_PrefabParentObject: {fileID: 0}
  m_PrefabInternal: {fileID: 100100000}
  m_GameObject: {fileID: 1574063016138176}
  m_LocalRotation: {x: 0, y: 0, z: 0, w: 1}
  m_LocalPosition: {x: -20.26, y: 0.87, z: 5.16}
  m_LocalScale: {x: 0.22, y: 0.22, z: 0.22}
  m_Children:
  - {fileID: 4777490093601192}
  m_Father: {fileID: 4458193780061436}
  m_RootOrder: 1
  m_LocalEulerAnglesHint: {x: 0, y: 0, z: 0}
--- !u!4 &4072918857929050
Transform:
  m_ObjectHideFlags: 1
  m_PrefabParentObject: {fileID: 0}
  m_PrefabInternal: {fileID: 100100000}
  m_GameObject: {fileID: 1214530721529986}
  m_LocalRotation: {x: 0.7071068, y: 0.7071068, z: -0, w: 0}
  m_LocalPosition: {x: -16, y: 3.85, z: 7.96}
  m_LocalScale: {x: 1.0000005, y: 1.0000005, z: 1.000001}
  m_Children: []
  m_Father: {fileID: 4458193780061436}
  m_RootOrder: 4
  m_LocalEulerAnglesHint: {x: 0, y: 180, z: 90}
--- !u!4 &4136592029067640
Transform:
  m_ObjectHideFlags: 1
  m_PrefabParentObject: {fileID: 0}
  m_PrefabInternal: {fileID: 100100000}
  m_GameObject: {fileID: 1003990146264896}
  m_LocalRotation: {x: 0.7071068, y: 0.7071068, z: -0, w: 0}
  m_LocalPosition: {x: -18, y: 9.85, z: 7.9}
  m_LocalScale: {x: 1.0000005, y: 1.0000005, z: 1.000001}
  m_Children: []
  m_Father: {fileID: 4458193780061436}
  m_RootOrder: 11
  m_LocalEulerAnglesHint: {x: 0, y: 180, z: 90}
--- !u!4 &4223506290597820
Transform:
  m_ObjectHideFlags: 1
  m_PrefabParentObject: {fileID: 0}
  m_PrefabInternal: {fileID: 100100000}
  m_GameObject: {fileID: 1049384871797630}
  m_LocalRotation: {x: -0, y: -0, z: -0, w: 1}
  m_LocalPosition: {x: 21.93, y: 0.62, z: 5.16}
  m_LocalScale: {x: 0.22, y: 0.22, z: 0.22}
  m_Children:
  - {fileID: 4554556346350062}
  m_Father: {fileID: 4458193780061436}
  m_RootOrder: 16
  m_LocalEulerAnglesHint: {x: 0, y: 0, z: 0}
--- !u!4 &4223866612405840
Transform:
  m_ObjectHideFlags: 1
  m_PrefabParentObject: {fileID: 0}
  m_PrefabInternal: {fileID: 100100000}
  m_GameObject: {fileID: 1035362543265036}
  m_LocalRotation: {x: -0.6427903, y: 0.094329156, z: -0.142897, w: 0.7466613}
  m_LocalPosition: {x: 1.19, y: 1.18, z: -0.71}
  m_LocalScale: {x: 2.3809524, y: 2.3809526, z: 2.3809526}
  m_Children: []
  m_Father: {fileID: 4671858099802942}
  m_RootOrder: 0
  m_LocalEulerAnglesHint: {x: -68.875, y: 64.501, z: -68.611}
--- !u!4 &4276938850856922
Transform:
  m_ObjectHideFlags: 1
  m_PrefabParentObject: {fileID: 0}
  m_PrefabInternal: {fileID: 100100000}
  m_GameObject: {fileID: 1811005563499946}
  m_LocalRotation: {x: -0, y: -0, z: -0, w: 1}
  m_LocalPosition: {x: -26.63, y: 0.87, z: 5.16}
  m_LocalScale: {x: 0.22, y: 0.22, z: 0.22}
  m_Children:
  - {fileID: 4472400145401536}
  m_Father: {fileID: 4458193780061436}
  m_RootOrder: 9
  m_LocalEulerAnglesHint: {x: 0, y: 0, z: 0}
--- !u!4 &4421632250430592
Transform:
  m_ObjectHideFlags: 1
  m_PrefabParentObject: {fileID: 0}
  m_PrefabInternal: {fileID: 100100000}
  m_GameObject: {fileID: 1111417710504638}
  m_LocalRotation: {x: -0, y: -0, z: -0, w: 1}
  m_LocalPosition: {x: -10.29, y: 0.87, z: 5.16}
  m_LocalScale: {x: 0.22, y: 0.22, z: 0.22}
  m_Children:
  - {fileID: 4748934874986526}
  m_Father: {fileID: 4458193780061436}
  m_RootOrder: 6
  m_LocalEulerAnglesHint: {x: 0, y: 0, z: 0}
--- !u!4 &4443163025351016
Transform:
  m_ObjectHideFlags: 1
  m_PrefabParentObject: {fileID: 0}
  m_PrefabInternal: {fileID: 100100000}
  m_GameObject: {fileID: 1202425745924070}
  m_LocalRotation: {x: -0, y: -0, z: -0, w: 1}
  m_LocalPosition: {x: -3.62, y: 0.87, z: 5.16}
  m_LocalScale: {x: 0.22, y: 0.22, z: 0.22}
  m_Children:
  - {fileID: 4013409521377714}
  m_Father: {fileID: 4458193780061436}
  m_RootOrder: 7
  m_LocalEulerAnglesHint: {x: 0, y: 0, z: 0}
--- !u!4 &4458193780061436
Transform:
  m_ObjectHideFlags: 1
  m_PrefabParentObject: {fileID: 0}
  m_PrefabInternal: {fileID: 100100000}
  m_GameObject: {fileID: 1581179908386114}
  m_LocalRotation: {x: 0, y: 0, z: 0, w: 1}
  m_LocalPosition: {x: 0, y: 0, z: 0}
  m_LocalScale: {x: 1, y: 1, z: 1}
  m_Children:
  - {fileID: 4756266054232820}
  - {fileID: 4047219042841604}
  - {fileID: 4910491051276348}
  - {fileID: 4638420009343980}
  - {fileID: 4072918857929050}
  - {fileID: 4844252114039334}
  - {fileID: 4421632250430592}
  - {fileID: 4443163025351016}
  - {fileID: 4632008484595742}
  - {fileID: 4276938850856922}
  - {fileID: 4671858099802942}
  - {fileID: 4136592029067640}
  - {fileID: 4700166402232064}
  - {fileID: 4853609190288536}
  - {fileID: 4663790142770802}
  - {fileID: 4842272003085158}
  - {fileID: 4223506290597820}
  - {fileID: 4632303198472068}
  - {fileID: 4918289905915938}
  m_Father: {fileID: 0}
  m_RootOrder: 0
  m_LocalEulerAnglesHint: {x: 0, y: 0, z: 0}
--- !u!4 &4472400145401536
Transform:
  m_ObjectHideFlags: 1
  m_PrefabParentObject: {fileID: 0}
  m_PrefabInternal: {fileID: 100100000}
  m_GameObject: {fileID: 1147766899172462}
  m_LocalRotation: {x: -0.6427903, y: 0.094329156, z: -0.142897, w: 0.7466613}
  m_LocalPosition: {x: 1.19, y: 1.18, z: -0.71}
  m_LocalScale: {x: 2.3809524, y: 2.3809526, z: 2.3809526}
  m_Children: []
  m_Father: {fileID: 4276938850856922}
  m_RootOrder: 0
  m_LocalEulerAnglesHint: {x: -68.875, y: 64.501, z: -68.611}
--- !u!4 &4554556346350062
Transform:
  m_ObjectHideFlags: 1
  m_PrefabParentObject: {fileID: 0}
  m_PrefabInternal: {fileID: 100100000}
  m_GameObject: {fileID: 1679527482766800}
  m_LocalRotation: {x: -0.6427903, y: 0.094329156, z: -0.142897, w: 0.7466613}
  m_LocalPosition: {x: 1.19, y: 1.18, z: -0.71}
  m_LocalScale: {x: 2.3809524, y: 2.3809526, z: 2.3809526}
  m_Children: []
  m_Father: {fileID: 4223506290597820}
  m_RootOrder: 0
  m_LocalEulerAnglesHint: {x: -68.875, y: 64.501, z: -68.611}
--- !u!4 &4624272138673874
Transform:
  m_ObjectHideFlags: 1
  m_PrefabParentObject: {fileID: 0}
  m_PrefabInternal: {fileID: 100100000}
  m_GameObject: {fileID: 1771232455786540}
  m_LocalRotation: {x: -0.6427903, y: 0.094329156, z: -0.142897, w: 0.7466613}
  m_LocalPosition: {x: 1.19, y: 1.18, z: -0.71}
  m_LocalScale: {x: 2.3809524, y: 2.3809526, z: 2.3809526}
  m_Children: []
  m_Father: {fileID: 4663790142770802}
  m_RootOrder: 0
  m_LocalEulerAnglesHint: {x: -68.875, y: 64.501, z: -68.611}
--- !u!4 &4632008484595742
Transform:
  m_ObjectHideFlags: 1
  m_PrefabParentObject: {fileID: 0}
  m_PrefabInternal: {fileID: 100100000}
  m_GameObject: {fileID: 1267004588675414}
  m_LocalRotation: {x: -0, y: -0, z: -0, w: 1}
  m_LocalPosition: {x: 1.92, y: 0.87, z: 5.16}
  m_LocalScale: {x: 0.22, y: 0.22, z: 0.22}
  m_Children:
  - {fileID: 4642194141413058}
  m_Father: {fileID: 4458193780061436}
  m_RootOrder: 8
  m_LocalEulerAnglesHint: {x: 0, y: 0, z: 0}
--- !u!4 &4632303198472068
Transform:
  m_ObjectHideFlags: 1
  m_PrefabParentObject: {fileID: 0}
  m_PrefabInternal: {fileID: 100100000}
  m_GameObject: {fileID: 1025347522969192}
  m_LocalRotation: {x: -0, y: -0, z: -0, w: 1}
  m_LocalPosition: {x: 25.56, y: 0.62, z: 5.16}
  m_LocalScale: {x: 0.22, y: 0.22, z: 0.22}
  m_Children:
  - {fileID: 4692236443567952}
  m_Father: {fileID: 4458193780061436}
  m_RootOrder: 17
  m_LocalEulerAnglesHint: {x: 0, y: 0, z: 0}
--- !u!4 &4638420009343980
Transform:
  m_ObjectHideFlags: 1
  m_PrefabParentObject: {fileID: 0}
  m_PrefabInternal: {fileID: 100100000}
  m_GameObject: {fileID: 1100748396959682}
  m_LocalRotation: {x: 0.7071068, y: 0.7071068, z: -0, w: 0}
  m_LocalPosition: {x: -12.45, y: 3.85, z: 7.02}
  m_LocalScale: {x: 1.0000005, y: 1.0000005, z: 1.000001}
  m_Children: []
  m_Father: {fileID: 4458193780061436}
  m_RootOrder: 3
  m_LocalEulerAnglesHint: {x: 0, y: 180, z: 90}
--- !u!4 &4642194141413058
Transform:
  m_ObjectHideFlags: 1
  m_PrefabParentObject: {fileID: 0}
  m_PrefabInternal: {fileID: 100100000}
  m_GameObject: {fileID: 1574773737554586}
  m_LocalRotation: {x: -0.6427903, y: 0.094329156, z: -0.142897, w: 0.7466613}
  m_LocalPosition: {x: 1.19, y: 1.18, z: -0.71}
  m_LocalScale: {x: 2.3809524, y: 2.3809526, z: 2.3809526}
  m_Children: []
  m_Father: {fileID: 4632008484595742}
  m_RootOrder: 0
  m_LocalEulerAnglesHint: {x: -68.875, y: 64.501, z: -68.611}
--- !u!4 &4663790142770802
Transform:
  m_ObjectHideFlags: 1
  m_PrefabParentObject: {fileID: 0}
  m_PrefabInternal: {fileID: 100100000}
  m_GameObject: {fileID: 1116531298766366}
  m_LocalRotation: {x: -0, y: -0, z: -0, w: 1}
  m_LocalPosition: {x: 8.1, y: 2.76, z: 5.16}
  m_LocalScale: {x: 0.22, y: 0.22, z: 0.22}
  m_Children:
  - {fileID: 4624272138673874}
  m_Father: {fileID: 4458193780061436}
  m_RootOrder: 14
  m_LocalEulerAnglesHint: {x: 0, y: 0, z: 0}
--- !u!4 &4671858099802942
Transform:
  m_ObjectHideFlags: 1
  m_PrefabParentObject: {fileID: 0}
  m_PrefabInternal: {fileID: 100100000}
  m_GameObject: {fileID: 1952439046107504}
  m_LocalRotation: {x: -0, y: -0, z: -0, w: 1}
  m_LocalPosition: {x: 4.61, y: 2.76, z: 5.16}
  m_LocalScale: {x: 0.22, y: 0.22, z: 0.22}
  m_Children:
  - {fileID: 4223866612405840}
  m_Father: {fileID: 4458193780061436}
  m_RootOrder: 10
  m_LocalEulerAnglesHint: {x: 0, y: 0, z: 0}
--- !u!4 &4692236443567952
Transform:
  m_ObjectHideFlags: 1
  m_PrefabParentObject: {fileID: 0}
  m_PrefabInternal: {fileID: 100100000}
  m_GameObject: {fileID: 1899700934629734}
  m_LocalRotation: {x: -0.6427903, y: 0.094329156, z: -0.142897, w: 0.7466613}
  m_LocalPosition: {x: 1.19, y: 1.18, z: -0.71}
  m_LocalScale: {x: 2.3809524, y: 2.3809526, z: 2.3809526}
  m_Children: []
  m_Father: {fileID: 4632303198472068}
  m_RootOrder: 0
  m_LocalEulerAnglesHint: {x: -68.875, y: 64.501, z: -68.611}
--- !u!4 &4700166402232064
Transform:
  m_ObjectHideFlags: 1
  m_PrefabParentObject: {fileID: 0}
  m_PrefabInternal: {fileID: 100100000}
  m_GameObject: {fileID: 1522727109945704}
  m_LocalRotation: {x: 0.7071068, y: 0.7071068, z: -0, w: 0}
  m_LocalPosition: {x: -18, y: 7.38, z: -1.55}
  m_LocalScale: {x: 1.0000005, y: 1.0000005, z: 1.000001}
  m_Children: []
  m_Father: {fileID: 4458193780061436}
  m_RootOrder: 12
  m_LocalEulerAnglesHint: {x: 0, y: 180, z: 90}
--- !u!4 &4748934874986526
Transform:
  m_ObjectHideFlags: 1
  m_PrefabParentObject: {fileID: 0}
  m_PrefabInternal: {fileID: 100100000}
  m_GameObject: {fileID: 1798189909515876}
  m_LocalRotation: {x: -0.6427903, y: 0.094329156, z: -0.142897, w: 0.7466613}
  m_LocalPosition: {x: 1.19, y: 1.18, z: -0.71}
  m_LocalScale: {x: 2.3809524, y: 2.3809526, z: 2.3809526}
  m_Children: []
  m_Father: {fileID: 4421632250430592}
  m_RootOrder: 0
  m_LocalEulerAnglesHint: {x: -68.875, y: 64.501, z: -68.611}
--- !u!4 &4756266054232820
Transform:
  m_ObjectHideFlags: 1
  m_PrefabParentObject: {fileID: 0}
  m_PrefabInternal: {fileID: 100100000}
  m_GameObject: {fileID: 1076136560977224}
  m_LocalRotation: {x: 0.7071068, y: 0.7071068, z: 0, w: 0}
  m_LocalPosition: {x: -15.61, y: 6.86, z: 7.9}
  m_LocalScale: {x: 1, y: 1, z: 1}
  m_Children: []
  m_Father: {fileID: 4458193780061436}
  m_RootOrder: 0
  m_LocalEulerAnglesHint: {x: 0, y: 180, z: 90}
--- !u!4 &4777490093601192
Transform:
  m_ObjectHideFlags: 1
  m_PrefabParentObject: {fileID: 0}
  m_PrefabInternal: {fileID: 100100000}
  m_GameObject: {fileID: 1490361738241566}
  m_LocalRotation: {x: -0.6427903, y: 0.094329156, z: -0.142897, w: 0.7466613}
  m_LocalPosition: {x: 1.19, y: 1.18, z: -0.71}
  m_LocalScale: {x: 2.3809524, y: 2.3809526, z: 2.3809526}
  m_Children: []
  m_Father: {fileID: 4047219042841604}
  m_RootOrder: 0
  m_LocalEulerAnglesHint: {x: -68.875, y: 64.501, z: -68.611}
--- !u!4 &4798619304009190
Transform:
  m_ObjectHideFlags: 1
  m_PrefabParentObject: {fileID: 0}
  m_PrefabInternal: {fileID: 100100000}
  m_GameObject: {fileID: 1191036257957656}
  m_LocalRotation: {x: -0.6427903, y: 0.094329156, z: -0.142897, w: 0.7466613}
  m_LocalPosition: {x: 1.19, y: 1.18, z: -0.71}
  m_LocalScale: {x: 2.3809524, y: 2.3809526, z: 2.3809526}
  m_Children: []
  m_Father: {fileID: 4842272003085158}
  m_RootOrder: 0
  m_LocalEulerAnglesHint: {x: -68.875, y: 64.501, z: -68.611}
--- !u!4 &4842272003085158
Transform:
  m_ObjectHideFlags: 1
  m_PrefabParentObject: {fileID: 0}
  m_PrefabInternal: {fileID: 100100000}
  m_GameObject: {fileID: 1630740173666546}
  m_LocalRotation: {x: -0, y: -0, z: -0, w: 1}
  m_LocalPosition: {x: 15.56, y: 0.62, z: 5.16}
  m_LocalScale: {x: 0.22, y: 0.22, z: 0.22}
  m_Children:
  - {fileID: 4798619304009190}
  m_Father: {fileID: 4458193780061436}
  m_RootOrder: 15
  m_LocalEulerAnglesHint: {x: 0, y: 0, z: 0}
--- !u!4 &4844252114039334
Transform:
  m_ObjectHideFlags: 1
  m_PrefabParentObject: {fileID: 0}
  m_PrefabInternal: {fileID: 100100000}
  m_GameObject: {fileID: 1340442933240904}
  m_LocalRotation: {x: 0.7071068, y: 0.7071068, z: -0, w: 0}
  m_LocalPosition: {x: -0.99, y: 5.18, z: 6.89}
  m_LocalScale: {x: 1.0000005, y: 1.0000005, z: 1.000001}
  m_Children: []
  m_Father: {fileID: 4458193780061436}
  m_RootOrder: 5
  m_LocalEulerAnglesHint: {x: 0, y: 180, z: 90}
--- !u!4 &4853609190288536
Transform:
  m_ObjectHideFlags: 1
  m_PrefabParentObject: {fileID: 0}
  m_PrefabInternal: {fileID: 100100000}
  m_GameObject: {fileID: 1706179558149576}
  m_LocalRotation: {x: 0.7071068, y: 0.7071068, z: -0, w: 0}
  m_LocalPosition: {x: -0.99, y: 3.67, z: 6.89}
  m_LocalScale: {x: 1.0000005, y: 1.0000005, z: 1.000001}
  m_Children: []
  m_Father: {fileID: 4458193780061436}
  m_RootOrder: 13
  m_LocalEulerAnglesHint: {x: 0, y: 180, z: 90}
--- !u!4 &4910491051276348
Transform:
  m_ObjectHideFlags: 1
  m_PrefabParentObject: {fileID: 0}
  m_PrefabInternal: {fileID: 100100000}
  m_GameObject: {fileID: 1405200819792466}
  m_LocalRotation: {x: 0.5661658, y: -0.100054756, z: 0.069485754, w: 0.81524056}
  m_LocalPosition: {x: 0.38, y: 0.97, z: 3.01}
  m_LocalScale: {x: 0.12, y: 0.12, z: 0.12}
  m_Children: []
  m_Father: {fileID: 4458193780061436}
  m_RootOrder: 2
  m_LocalEulerAnglesHint: {x: 69.536, y: -13.691001, z: 0}
--- !u!4 &4918289905915938
Transform:
  m_ObjectHideFlags: 1
  m_PrefabParentObject: {fileID: 0}
  m_PrefabInternal: {fileID: 100100000}
  m_GameObject: {fileID: 1334611087757210}
  m_LocalRotation: {x: 0.7071068, y: 0.7071068, z: -0, w: 0}
  m_LocalPosition: {x: -17.57, y: 1.88, z: 7.02}
  m_LocalScale: {x: 1.0000005, y: 1.0000005, z: 1.000001}
  m_Children: []
  m_Father: {fileID: 4458193780061436}
  m_RootOrder: 18
  m_LocalEulerAnglesHint: {x: 0, y: 180, z: 90}
--- !u!23 &23122448965499652
MeshRenderer:
  m_ObjectHideFlags: 1
  m_PrefabParentObject: {fileID: 0}
  m_PrefabInternal: {fileID: 100100000}
  m_GameObject: {fileID: 1811005563499946}
  m_Enabled: 1
  m_CastShadows: 0
  m_ReceiveShadows: 0
  m_DynamicOccludee: 1
  m_MotionVectors: 1
  m_LightProbeUsage: 0
  m_ReflectionProbeUsage: 0
  m_Materials:
  - {fileID: 2100000, guid: 86b3c638dc56298409890ac32f9e6baf, type: 2}
  m_StaticBatchInfo:
    firstSubMesh: 0
    subMeshCount: 0
  m_StaticBatchRoot: {fileID: 0}
  m_ProbeAnchor: {fileID: 0}
  m_LightProbeVolumeOverride: {fileID: 0}
  m_ScaleInLightmap: 1
  m_PreserveUVs: 0
  m_IgnoreNormalsForChartDetection: 0
  m_ImportantGI: 0
  m_StitchLightmapSeams: 0
  m_SelectedEditorRenderState: 3
  m_MinimumChartSize: 4
  m_AutoUVMaxDistance: 0.5
  m_AutoUVMaxAngle: 89
  m_LightmapParameters: {fileID: 0}
  m_SortingLayerID: 0
  m_SortingLayer: 0
  m_SortingOrder: 0
--- !u!23 &23148058964715674
MeshRenderer:
  m_ObjectHideFlags: 1
  m_PrefabParentObject: {fileID: 0}
  m_PrefabInternal: {fileID: 100100000}
  m_GameObject: {fileID: 1214530721529986}
  m_Enabled: 1
  m_CastShadows: 1
  m_ReceiveShadows: 1
  m_DynamicOccludee: 1
  m_MotionVectors: 1
  m_LightProbeUsage: 0
  m_ReflectionProbeUsage: 1
  m_Materials:
  - {fileID: 2100000, guid: 1eb056d70e23cc34a9e926d8c8c887a5, type: 2}
  m_StaticBatchInfo:
    firstSubMesh: 0
    subMeshCount: 0
  m_StaticBatchRoot: {fileID: 0}
  m_ProbeAnchor: {fileID: 0}
  m_LightProbeVolumeOverride: {fileID: 0}
  m_ScaleInLightmap: 1
  m_PreserveUVs: 1
  m_IgnoreNormalsForChartDetection: 0
  m_ImportantGI: 0
  m_StitchLightmapSeams: 0
  m_SelectedEditorRenderState: 3
  m_MinimumChartSize: 4
  m_AutoUVMaxDistance: 0.5
  m_AutoUVMaxAngle: 89
  m_LightmapParameters: {fileID: 0}
  m_SortingLayerID: 0
  m_SortingLayer: 0
  m_SortingOrder: 0
--- !u!23 &23187985298937632
MeshRenderer:
  m_ObjectHideFlags: 1
  m_PrefabParentObject: {fileID: 0}
  m_PrefabInternal: {fileID: 100100000}
  m_GameObject: {fileID: 1111417710504638}
  m_Enabled: 1
  m_CastShadows: 0
  m_ReceiveShadows: 0
  m_DynamicOccludee: 1
  m_MotionVectors: 1
  m_LightProbeUsage: 0
  m_ReflectionProbeUsage: 0
  m_Materials:
  - {fileID: 2100000, guid: 86b3c638dc56298409890ac32f9e6baf, type: 2}
  m_StaticBatchInfo:
    firstSubMesh: 0
    subMeshCount: 0
  m_StaticBatchRoot: {fileID: 0}
  m_ProbeAnchor: {fileID: 0}
  m_LightProbeVolumeOverride: {fileID: 0}
  m_ScaleInLightmap: 1
  m_PreserveUVs: 0
  m_IgnoreNormalsForChartDetection: 0
  m_ImportantGI: 0
  m_StitchLightmapSeams: 0
  m_SelectedEditorRenderState: 3
  m_MinimumChartSize: 4
  m_AutoUVMaxDistance: 0.5
  m_AutoUVMaxAngle: 89
  m_LightmapParameters: {fileID: 0}
  m_SortingLayerID: 0
  m_SortingLayer: 0
  m_SortingOrder: 0
--- !u!23 &23197250410511470
MeshRenderer:
  m_ObjectHideFlags: 1
  m_PrefabParentObject: {fileID: 0}
  m_PrefabInternal: {fileID: 100100000}
  m_GameObject: {fileID: 1630740173666546}
  m_Enabled: 1
  m_CastShadows: 0
  m_ReceiveShadows: 0
  m_DynamicOccludee: 1
  m_MotionVectors: 1
  m_LightProbeUsage: 0
  m_ReflectionProbeUsage: 0
  m_Materials:
  - {fileID: 2100000, guid: 86b3c638dc56298409890ac32f9e6baf, type: 2}
  m_StaticBatchInfo:
    firstSubMesh: 0
    subMeshCount: 0
  m_StaticBatchRoot: {fileID: 0}
  m_ProbeAnchor: {fileID: 0}
  m_LightProbeVolumeOverride: {fileID: 0}
  m_ScaleInLightmap: 1
  m_PreserveUVs: 0
  m_IgnoreNormalsForChartDetection: 0
  m_ImportantGI: 0
  m_StitchLightmapSeams: 0
  m_SelectedEditorRenderState: 3
  m_MinimumChartSize: 4
  m_AutoUVMaxDistance: 0.5
  m_AutoUVMaxAngle: 89
  m_LightmapParameters: {fileID: 0}
  m_SortingLayerID: 0
  m_SortingLayer: 0
  m_SortingOrder: 0
--- !u!23 &23216202878221358
MeshRenderer:
  m_ObjectHideFlags: 1
  m_PrefabParentObject: {fileID: 0}
  m_PrefabInternal: {fileID: 100100000}
  m_GameObject: {fileID: 1522727109945704}
  m_Enabled: 1
  m_CastShadows: 1
  m_ReceiveShadows: 1
  m_DynamicOccludee: 1
  m_MotionVectors: 1
  m_LightProbeUsage: 0
  m_ReflectionProbeUsage: 1
  m_Materials:
  - {fileID: 2100000, guid: 1eb056d70e23cc34a9e926d8c8c887a5, type: 2}
  m_StaticBatchInfo:
    firstSubMesh: 0
    subMeshCount: 0
  m_StaticBatchRoot: {fileID: 0}
  m_ProbeAnchor: {fileID: 0}
  m_LightProbeVolumeOverride: {fileID: 0}
  m_ScaleInLightmap: 1
  m_PreserveUVs: 1
  m_IgnoreNormalsForChartDetection: 0
  m_ImportantGI: 0
  m_StitchLightmapSeams: 0
  m_SelectedEditorRenderState: 3
  m_MinimumChartSize: 4
  m_AutoUVMaxDistance: 0.5
  m_AutoUVMaxAngle: 89
  m_LightmapParameters: {fileID: 0}
  m_SortingLayerID: 0
  m_SortingLayer: 0
  m_SortingOrder: 0
--- !u!23 &23262690195725292
MeshRenderer:
  m_ObjectHideFlags: 1
  m_PrefabParentObject: {fileID: 0}
  m_PrefabInternal: {fileID: 100100000}
  m_GameObject: {fileID: 1003990146264896}
  m_Enabled: 1
  m_CastShadows: 1
  m_ReceiveShadows: 1
  m_DynamicOccludee: 1
  m_MotionVectors: 1
  m_LightProbeUsage: 0
  m_ReflectionProbeUsage: 1
  m_Materials:
  - {fileID: 2100000, guid: 1eb056d70e23cc34a9e926d8c8c887a5, type: 2}
  m_StaticBatchInfo:
    firstSubMesh: 0
    subMeshCount: 0
  m_StaticBatchRoot: {fileID: 0}
  m_ProbeAnchor: {fileID: 0}
  m_LightProbeVolumeOverride: {fileID: 0}
  m_ScaleInLightmap: 1
  m_PreserveUVs: 1
  m_IgnoreNormalsForChartDetection: 0
  m_ImportantGI: 0
  m_StitchLightmapSeams: 0
  m_SelectedEditorRenderState: 3
  m_MinimumChartSize: 4
  m_AutoUVMaxDistance: 0.5
  m_AutoUVMaxAngle: 89
  m_LightmapParameters: {fileID: 0}
  m_SortingLayerID: 0
  m_SortingLayer: 0
  m_SortingOrder: 0
--- !u!23 &23354532844559062
MeshRenderer:
  m_ObjectHideFlags: 1
  m_PrefabParentObject: {fileID: 0}
  m_PrefabInternal: {fileID: 100100000}
  m_GameObject: {fileID: 1334611087757210}
  m_Enabled: 1
  m_CastShadows: 1
  m_ReceiveShadows: 1
  m_DynamicOccludee: 1
  m_MotionVectors: 1
  m_LightProbeUsage: 0
  m_ReflectionProbeUsage: 1
  m_Materials:
  - {fileID: 2100000, guid: 1eb056d70e23cc34a9e926d8c8c887a5, type: 2}
  m_StaticBatchInfo:
    firstSubMesh: 0
    subMeshCount: 0
  m_StaticBatchRoot: {fileID: 0}
  m_ProbeAnchor: {fileID: 0}
  m_LightProbeVolumeOverride: {fileID: 0}
  m_ScaleInLightmap: 1
  m_PreserveUVs: 1
  m_IgnoreNormalsForChartDetection: 0
  m_ImportantGI: 0
  m_StitchLightmapSeams: 0
  m_SelectedEditorRenderState: 3
  m_MinimumChartSize: 4
  m_AutoUVMaxDistance: 0.5
  m_AutoUVMaxAngle: 89
  m_LightmapParameters: {fileID: 0}
  m_SortingLayerID: 0
  m_SortingLayer: 0
  m_SortingOrder: 0
--- !u!23 &23355549708335290
MeshRenderer:
  m_ObjectHideFlags: 1
  m_PrefabParentObject: {fileID: 0}
  m_PrefabInternal: {fileID: 100100000}
  m_GameObject: {fileID: 1076136560977224}
  m_Enabled: 1
  m_CastShadows: 1
  m_ReceiveShadows: 1
  m_DynamicOccludee: 1
  m_MotionVectors: 1
  m_LightProbeUsage: 0
  m_ReflectionProbeUsage: 1
  m_Materials:
  - {fileID: 2100000, guid: 1eb056d70e23cc34a9e926d8c8c887a5, type: 2}
  m_StaticBatchInfo:
    firstSubMesh: 0
    subMeshCount: 0
  m_StaticBatchRoot: {fileID: 0}
  m_ProbeAnchor: {fileID: 0}
  m_LightProbeVolumeOverride: {fileID: 0}
  m_ScaleInLightmap: 1
  m_PreserveUVs: 1
  m_IgnoreNormalsForChartDetection: 0
  m_ImportantGI: 0
  m_StitchLightmapSeams: 0
  m_SelectedEditorRenderState: 3
  m_MinimumChartSize: 4
  m_AutoUVMaxDistance: 0.5
  m_AutoUVMaxAngle: 89
  m_LightmapParameters: {fileID: 0}
  m_SortingLayerID: 0
  m_SortingLayer: 0
  m_SortingOrder: 0
--- !u!23 &23418870453393542
MeshRenderer:
  m_ObjectHideFlags: 1
  m_PrefabParentObject: {fileID: 0}
  m_PrefabInternal: {fileID: 100100000}
  m_GameObject: {fileID: 1952439046107504}
  m_Enabled: 1
  m_CastShadows: 0
  m_ReceiveShadows: 0
  m_DynamicOccludee: 1
  m_MotionVectors: 1
  m_LightProbeUsage: 0
  m_ReflectionProbeUsage: 0
  m_Materials:
  - {fileID: 2100000, guid: 86b3c638dc56298409890ac32f9e6baf, type: 2}
  m_StaticBatchInfo:
    firstSubMesh: 0
    subMeshCount: 0
  m_StaticBatchRoot: {fileID: 0}
  m_ProbeAnchor: {fileID: 0}
  m_LightProbeVolumeOverride: {fileID: 0}
  m_ScaleInLightmap: 1
  m_PreserveUVs: 0
  m_IgnoreNormalsForChartDetection: 0
  m_ImportantGI: 0
  m_StitchLightmapSeams: 0
  m_SelectedEditorRenderState: 3
  m_MinimumChartSize: 4
  m_AutoUVMaxDistance: 0.5
  m_AutoUVMaxAngle: 89
  m_LightmapParameters: {fileID: 0}
  m_SortingLayerID: 0
  m_SortingLayer: 0
  m_SortingOrder: 0
--- !u!23 &23643366734649980
MeshRenderer:
  m_ObjectHideFlags: 1
  m_PrefabParentObject: {fileID: 0}
  m_PrefabInternal: {fileID: 100100000}
  m_GameObject: {fileID: 1267004588675414}
  m_Enabled: 1
  m_CastShadows: 0
  m_ReceiveShadows: 0
  m_DynamicOccludee: 1
  m_MotionVectors: 1
  m_LightProbeUsage: 0
  m_ReflectionProbeUsage: 0
  m_Materials:
  - {fileID: 2100000, guid: 86b3c638dc56298409890ac32f9e6baf, type: 2}
  m_StaticBatchInfo:
    firstSubMesh: 0
    subMeshCount: 0
  m_StaticBatchRoot: {fileID: 0}
  m_ProbeAnchor: {fileID: 0}
  m_LightProbeVolumeOverride: {fileID: 0}
  m_ScaleInLightmap: 1
  m_PreserveUVs: 0
  m_IgnoreNormalsForChartDetection: 0
  m_ImportantGI: 0
  m_StitchLightmapSeams: 0
  m_SelectedEditorRenderState: 3
  m_MinimumChartSize: 4
  m_AutoUVMaxDistance: 0.5
  m_AutoUVMaxAngle: 89
  m_LightmapParameters: {fileID: 0}
  m_SortingLayerID: 0
  m_SortingLayer: 0
  m_SortingOrder: 0
--- !u!23 &23644256502657264
MeshRenderer:
  m_ObjectHideFlags: 1
  m_PrefabParentObject: {fileID: 0}
  m_PrefabInternal: {fileID: 100100000}
  m_GameObject: {fileID: 1405200819792466}
  m_Enabled: 1
  m_CastShadows: 0
  m_ReceiveShadows: 0
  m_DynamicOccludee: 1
  m_MotionVectors: 1
  m_LightProbeUsage: 0
  m_ReflectionProbeUsage: 0
  m_Materials:
  - {fileID: 2100000, guid: 86b3c638dc56298409890ac32f9e6baf, type: 2}
  m_StaticBatchInfo:
    firstSubMesh: 0
    subMeshCount: 0
  m_StaticBatchRoot: {fileID: 0}
  m_ProbeAnchor: {fileID: 0}
  m_LightProbeVolumeOverride: {fileID: 0}
  m_ScaleInLightmap: 1
  m_PreserveUVs: 0
  m_IgnoreNormalsForChartDetection: 0
  m_ImportantGI: 0
  m_StitchLightmapSeams: 0
  m_SelectedEditorRenderState: 3
  m_MinimumChartSize: 4
  m_AutoUVMaxDistance: 0.5
  m_AutoUVMaxAngle: 89
  m_LightmapParameters: {fileID: 0}
  m_SortingLayerID: 0
  m_SortingLayer: 0
  m_SortingOrder: 0
--- !u!23 &23670913434168610
MeshRenderer:
  m_ObjectHideFlags: 1
  m_PrefabParentObject: {fileID: 0}
  m_PrefabInternal: {fileID: 100100000}
  m_GameObject: {fileID: 1116531298766366}
  m_Enabled: 1
  m_CastShadows: 0
  m_ReceiveShadows: 0
  m_DynamicOccludee: 1
  m_MotionVectors: 1
  m_LightProbeUsage: 0
  m_ReflectionProbeUsage: 0
  m_Materials:
  - {fileID: 2100000, guid: 86b3c638dc56298409890ac32f9e6baf, type: 2}
  m_StaticBatchInfo:
    firstSubMesh: 0
    subMeshCount: 0
  m_StaticBatchRoot: {fileID: 0}
  m_ProbeAnchor: {fileID: 0}
  m_LightProbeVolumeOverride: {fileID: 0}
  m_ScaleInLightmap: 1
  m_PreserveUVs: 0
  m_IgnoreNormalsForChartDetection: 0
  m_ImportantGI: 0
  m_StitchLightmapSeams: 0
  m_SelectedEditorRenderState: 3
  m_MinimumChartSize: 4
  m_AutoUVMaxDistance: 0.5
  m_AutoUVMaxAngle: 89
  m_LightmapParameters: {fileID: 0}
  m_SortingLayerID: 0
  m_SortingLayer: 0
  m_SortingOrder: 0
--- !u!23 &23708753286116810
MeshRenderer:
  m_ObjectHideFlags: 1
  m_PrefabParentObject: {fileID: 0}
  m_PrefabInternal: {fileID: 100100000}
  m_GameObject: {fileID: 1340442933240904}
  m_Enabled: 1
  m_CastShadows: 1
  m_ReceiveShadows: 1
  m_DynamicOccludee: 1
  m_MotionVectors: 1
  m_LightProbeUsage: 0
  m_ReflectionProbeUsage: 1
  m_Materials:
  - {fileID: 2100000, guid: 1eb056d70e23cc34a9e926d8c8c887a5, type: 2}
  m_StaticBatchInfo:
    firstSubMesh: 0
    subMeshCount: 0
  m_StaticBatchRoot: {fileID: 0}
  m_ProbeAnchor: {fileID: 0}
  m_LightProbeVolumeOverride: {fileID: 0}
  m_ScaleInLightmap: 1
  m_PreserveUVs: 1
  m_IgnoreNormalsForChartDetection: 0
  m_ImportantGI: 0
  m_StitchLightmapSeams: 0
  m_SelectedEditorRenderState: 3
  m_MinimumChartSize: 4
  m_AutoUVMaxDistance: 0.5
  m_AutoUVMaxAngle: 89
  m_LightmapParameters: {fileID: 0}
  m_SortingLayerID: 0
  m_SortingLayer: 0
  m_SortingOrder: 0
--- !u!23 &23768609526598348
MeshRenderer:
  m_ObjectHideFlags: 1
  m_PrefabParentObject: {fileID: 0}
  m_PrefabInternal: {fileID: 100100000}
  m_GameObject: {fileID: 1100748396959682}
  m_Enabled: 1
  m_CastShadows: 1
  m_ReceiveShadows: 1
  m_DynamicOccludee: 1
  m_MotionVectors: 1
  m_LightProbeUsage: 0
  m_ReflectionProbeUsage: 1
  m_Materials:
  - {fileID: 2100000, guid: 1eb056d70e23cc34a9e926d8c8c887a5, type: 2}
  m_StaticBatchInfo:
    firstSubMesh: 0
    subMeshCount: 0
  m_StaticBatchRoot: {fileID: 0}
  m_ProbeAnchor: {fileID: 0}
  m_LightProbeVolumeOverride: {fileID: 0}
  m_ScaleInLightmap: 1
  m_PreserveUVs: 1
  m_IgnoreNormalsForChartDetection: 0
  m_ImportantGI: 0
  m_StitchLightmapSeams: 0
  m_SelectedEditorRenderState: 3
  m_MinimumChartSize: 4
  m_AutoUVMaxDistance: 0.5
  m_AutoUVMaxAngle: 89
  m_LightmapParameters: {fileID: 0}
  m_SortingLayerID: 0
  m_SortingLayer: 0
  m_SortingOrder: 0
--- !u!23 &23815150793986022
MeshRenderer:
  m_ObjectHideFlags: 1
  m_PrefabParentObject: {fileID: 0}
  m_PrefabInternal: {fileID: 100100000}
  m_GameObject: {fileID: 1202425745924070}
  m_Enabled: 1
  m_CastShadows: 0
  m_ReceiveShadows: 0
  m_DynamicOccludee: 1
  m_MotionVectors: 1
  m_LightProbeUsage: 0
  m_ReflectionProbeUsage: 0
  m_Materials:
  - {fileID: 2100000, guid: 86b3c638dc56298409890ac32f9e6baf, type: 2}
  m_StaticBatchInfo:
    firstSubMesh: 0
    subMeshCount: 0
  m_StaticBatchRoot: {fileID: 0}
  m_ProbeAnchor: {fileID: 0}
  m_LightProbeVolumeOverride: {fileID: 0}
  m_ScaleInLightmap: 1
  m_PreserveUVs: 0
  m_IgnoreNormalsForChartDetection: 0
  m_ImportantGI: 0
  m_StitchLightmapSeams: 0
  m_SelectedEditorRenderState: 3
  m_MinimumChartSize: 4
  m_AutoUVMaxDistance: 0.5
  m_AutoUVMaxAngle: 89
  m_LightmapParameters: {fileID: 0}
  m_SortingLayerID: 0
  m_SortingLayer: 0
  m_SortingOrder: 0
--- !u!23 &23853729228790698
MeshRenderer:
  m_ObjectHideFlags: 1
  m_PrefabParentObject: {fileID: 0}
  m_PrefabInternal: {fileID: 100100000}
  m_GameObject: {fileID: 1049384871797630}
  m_Enabled: 1
  m_CastShadows: 0
  m_ReceiveShadows: 0
  m_DynamicOccludee: 1
  m_MotionVectors: 1
  m_LightProbeUsage: 0
  m_ReflectionProbeUsage: 0
  m_Materials:
  - {fileID: 2100000, guid: 86b3c638dc56298409890ac32f9e6baf, type: 2}
  m_StaticBatchInfo:
    firstSubMesh: 0
    subMeshCount: 0
  m_StaticBatchRoot: {fileID: 0}
  m_ProbeAnchor: {fileID: 0}
  m_LightProbeVolumeOverride: {fileID: 0}
  m_ScaleInLightmap: 1
  m_PreserveUVs: 0
  m_IgnoreNormalsForChartDetection: 0
  m_ImportantGI: 0
  m_StitchLightmapSeams: 0
  m_SelectedEditorRenderState: 3
  m_MinimumChartSize: 4
  m_AutoUVMaxDistance: 0.5
  m_AutoUVMaxAngle: 89
  m_LightmapParameters: {fileID: 0}
  m_SortingLayerID: 0
  m_SortingLayer: 0
  m_SortingOrder: 0
--- !u!23 &23865756225770068
MeshRenderer:
  m_ObjectHideFlags: 1
  m_PrefabParentObject: {fileID: 0}
  m_PrefabInternal: {fileID: 100100000}
  m_GameObject: {fileID: 1706179558149576}
  m_Enabled: 1
  m_CastShadows: 1
  m_ReceiveShadows: 1
  m_DynamicOccludee: 1
  m_MotionVectors: 1
  m_LightProbeUsage: 0
  m_ReflectionProbeUsage: 1
  m_Materials:
  - {fileID: 2100000, guid: 1eb056d70e23cc34a9e926d8c8c887a5, type: 2}
  m_StaticBatchInfo:
    firstSubMesh: 0
    subMeshCount: 0
  m_StaticBatchRoot: {fileID: 0}
  m_ProbeAnchor: {fileID: 0}
  m_LightProbeVolumeOverride: {fileID: 0}
  m_ScaleInLightmap: 1
  m_PreserveUVs: 1
  m_IgnoreNormalsForChartDetection: 0
  m_ImportantGI: 0
  m_StitchLightmapSeams: 0
  m_SelectedEditorRenderState: 3
  m_MinimumChartSize: 4
  m_AutoUVMaxDistance: 0.5
  m_AutoUVMaxAngle: 89
  m_LightmapParameters: {fileID: 0}
  m_SortingLayerID: 0
  m_SortingLayer: 0
  m_SortingOrder: 0
--- !u!23 &23868617444143068
MeshRenderer:
  m_ObjectHideFlags: 1
  m_PrefabParentObject: {fileID: 0}
  m_PrefabInternal: {fileID: 100100000}
  m_GameObject: {fileID: 1574063016138176}
  m_Enabled: 1
  m_CastShadows: 0
  m_ReceiveShadows: 0
  m_DynamicOccludee: 1
  m_MotionVectors: 1
  m_LightProbeUsage: 0
  m_ReflectionProbeUsage: 0
  m_Materials:
  - {fileID: 2100000, guid: 86b3c638dc56298409890ac32f9e6baf, type: 2}
  m_StaticBatchInfo:
    firstSubMesh: 0
    subMeshCount: 0
  m_StaticBatchRoot: {fileID: 0}
  m_ProbeAnchor: {fileID: 0}
  m_LightProbeVolumeOverride: {fileID: 0}
  m_ScaleInLightmap: 1
  m_PreserveUVs: 0
  m_IgnoreNormalsForChartDetection: 0
  m_ImportantGI: 0
  m_StitchLightmapSeams: 0
  m_SelectedEditorRenderState: 3
  m_MinimumChartSize: 4
  m_AutoUVMaxDistance: 0.5
  m_AutoUVMaxAngle: 89
  m_LightmapParameters: {fileID: 0}
  m_SortingLayerID: 0
  m_SortingLayer: 0
  m_SortingOrder: 0
--- !u!23 &23878130743200864
MeshRenderer:
  m_ObjectHideFlags: 1
  m_PrefabParentObject: {fileID: 0}
  m_PrefabInternal: {fileID: 100100000}
  m_GameObject: {fileID: 1025347522969192}
  m_Enabled: 1
  m_CastShadows: 0
  m_ReceiveShadows: 0
  m_DynamicOccludee: 1
  m_MotionVectors: 1
  m_LightProbeUsage: 0
  m_ReflectionProbeUsage: 0
  m_Materials:
  - {fileID: 2100000, guid: 86b3c638dc56298409890ac32f9e6baf, type: 2}
  m_StaticBatchInfo:
    firstSubMesh: 0
    subMeshCount: 0
  m_StaticBatchRoot: {fileID: 0}
  m_ProbeAnchor: {fileID: 0}
  m_LightProbeVolumeOverride: {fileID: 0}
  m_ScaleInLightmap: 1
  m_PreserveUVs: 0
  m_IgnoreNormalsForChartDetection: 0
  m_ImportantGI: 0
  m_StitchLightmapSeams: 0
  m_SelectedEditorRenderState: 3
  m_MinimumChartSize: 4
  m_AutoUVMaxDistance: 0.5
  m_AutoUVMaxAngle: 89
  m_LightmapParameters: {fileID: 0}
  m_SortingLayerID: 0
  m_SortingLayer: 0
  m_SortingOrder: 0
--- !u!33 &33025195646567264
MeshFilter:
  m_ObjectHideFlags: 1
  m_PrefabParentObject: {fileID: 0}
  m_PrefabInternal: {fileID: 100100000}
  m_GameObject: {fileID: 1630740173666546}
  m_Mesh: {fileID: 0}
--- !u!33 &33055608122682554
MeshFilter:
  m_ObjectHideFlags: 1
  m_PrefabParentObject: {fileID: 0}
  m_PrefabInternal: {fileID: 100100000}
  m_GameObject: {fileID: 1111417710504638}
  m_Mesh: {fileID: 0}
--- !u!33 &33081017526275964
MeshFilter:
  m_ObjectHideFlags: 1
  m_PrefabParentObject: {fileID: 0}
  m_PrefabInternal: {fileID: 100100000}
  m_GameObject: {fileID: 1100748396959682}
  m_Mesh: {fileID: 0}
--- !u!33 &33085935242792058
MeshFilter:
  m_ObjectHideFlags: 1
  m_PrefabParentObject: {fileID: 0}
  m_PrefabInternal: {fileID: 100100000}
  m_GameObject: {fileID: 1116531298766366}
  m_Mesh: {fileID: 0}
--- !u!33 &33192426248133590
MeshFilter:
  m_ObjectHideFlags: 1
  m_PrefabParentObject: {fileID: 0}
  m_PrefabInternal: {fileID: 100100000}
  m_GameObject: {fileID: 1706179558149576}
  m_Mesh: {fileID: 0}
--- !u!33 &33239599914251372
MeshFilter:
  m_ObjectHideFlags: 1
  m_PrefabParentObject: {fileID: 0}
  m_PrefabInternal: {fileID: 100100000}
  m_GameObject: {fileID: 1214530721529986}
  m_Mesh: {fileID: 0}
--- !u!33 &33331747698080024
MeshFilter:
  m_ObjectHideFlags: 1
  m_PrefabParentObject: {fileID: 0}
  m_PrefabInternal: {fileID: 100100000}
  m_GameObject: {fileID: 1811005563499946}
  m_Mesh: {fileID: 0}
--- !u!33 &33458060462405252
MeshFilter:
  m_ObjectHideFlags: 1
  m_PrefabParentObject: {fileID: 0}
  m_PrefabInternal: {fileID: 100100000}
  m_GameObject: {fileID: 1049384871797630}
  m_Mesh: {fileID: 0}
--- !u!33 &33496241099310818
MeshFilter:
  m_ObjectHideFlags: 1
  m_PrefabParentObject: {fileID: 0}
  m_PrefabInternal: {fileID: 100100000}
  m_GameObject: {fileID: 1574063016138176}
  m_Mesh: {fileID: 0}
--- !u!33 &33592034461402400
MeshFilter:
  m_ObjectHideFlags: 1
  m_PrefabParentObject: {fileID: 0}
  m_PrefabInternal: {fileID: 100100000}
  m_GameObject: {fileID: 1076136560977224}
  m_Mesh: {fileID: 0}
--- !u!33 &33652448691043000
MeshFilter:
  m_ObjectHideFlags: 1
  m_PrefabParentObject: {fileID: 0}
  m_PrefabInternal: {fileID: 100100000}
  m_GameObject: {fileID: 1952439046107504}
  m_Mesh: {fileID: 0}
--- !u!33 &33657580073732244
MeshFilter:
  m_ObjectHideFlags: 1
  m_PrefabParentObject: {fileID: 0}
  m_PrefabInternal: {fileID: 100100000}
  m_GameObject: {fileID: 1202425745924070}
  m_Mesh: {fileID: 0}
--- !u!33 &33688393414414588
MeshFilter:
  m_ObjectHideFlags: 1
  m_PrefabParentObject: {fileID: 0}
  m_PrefabInternal: {fileID: 100100000}
  m_GameObject: {fileID: 1405200819792466}
  m_Mesh: {fileID: 0}
--- !u!33 &33701485164739938
MeshFilter:
  m_ObjectHideFlags: 1
  m_PrefabParentObject: {fileID: 0}
  m_PrefabInternal: {fileID: 100100000}
  m_GameObject: {fileID: 1340442933240904}
  m_Mesh: {fileID: 0}
--- !u!33 &33735491090678472
MeshFilter:
  m_ObjectHideFlags: 1
  m_PrefabParentObject: {fileID: 0}
  m_PrefabInternal: {fileID: 100100000}
  m_GameObject: {fileID: 1267004588675414}
  m_Mesh: {fileID: 0}
--- !u!33 &33737229292428006
MeshFilter:
  m_ObjectHideFlags: 1
  m_PrefabParentObject: {fileID: 0}
  m_PrefabInternal: {fileID: 100100000}
  m_GameObject: {fileID: 1334611087757210}
  m_Mesh: {fileID: 0}
--- !u!33 &33755448744485370
MeshFilter:
  m_ObjectHideFlags: 1
  m_PrefabParentObject: {fileID: 0}
  m_PrefabInternal: {fileID: 100100000}
  m_GameObject: {fileID: 1025347522969192}
  m_Mesh: {fileID: 0}
--- !u!33 &33764029874938584
MeshFilter:
  m_ObjectHideFlags: 1
  m_PrefabParentObject: {fileID: 0}
  m_PrefabInternal: {fileID: 100100000}
  m_GameObject: {fileID: 1522727109945704}
  m_Mesh: {fileID: 0}
--- !u!33 &33909695379762654
MeshFilter:
  m_ObjectHideFlags: 1
  m_PrefabParentObject: {fileID: 0}
  m_PrefabInternal: {fileID: 100100000}
  m_GameObject: {fileID: 1003990146264896}
  m_Mesh: {fileID: 0}
--- !u!114 &114078394425727618
MonoBehaviour:
  m_ObjectHideFlags: 1
  m_PrefabParentObject: {fileID: 0}
  m_PrefabInternal: {fileID: 100100000}
  m_GameObject: {fileID: 1035362543265036}
  m_Enabled: 1
  m_EditorHideFlags: 0
  m_Script: {fileID: 11500000, guid: 66d8e50a047abb54aa901236f0ed84d2, type: 3}
  m_Name: 
  m_EditorClassIdentifier: 
  m_Feather: 2.47
--- !u!114 &114109367220267680
MonoBehaviour:
  m_ObjectHideFlags: 1
  m_PrefabParentObject: {fileID: 0}
  m_PrefabInternal: {fileID: 100100000}
  m_GameObject: {fileID: 1054863363586994}
  m_Enabled: 1
  m_EditorHideFlags: 0
  m_Script: {fileID: 11500000, guid: 66d8e50a047abb54aa901236f0ed84d2, type: 3}
  m_Name: 
  m_EditorClassIdentifier: 
  m_Feather: 2.47
--- !u!114 &114143133070751792
MonoBehaviour:
  m_ObjectHideFlags: 1
  m_PrefabParentObject: {fileID: 0}
  m_PrefabInternal: {fileID: 100100000}
  m_GameObject: {fileID: 1100748396959682}
  m_Enabled: 1
  m_EditorHideFlags: 0
  m_Script: {fileID: 11500000, guid: 792909cacf2415c48a1d7eebef426b5d, type: 3}
  m_Name: 
  m_EditorClassIdentifier: 
  m_RenderSource: 1
  m_Size: {x: 0.39, y: 0.92, z: 10.38}
  m_Angle: 43
  m_Intensity: 1
  m_Color: {r: 1, g: 0.71323526, b: 0.9802231, a: 1}
  m_Shadows: 1
  m_ShadowCullingMask:
    serializedVersion: 2
    m_Bits: 4294967295
  m_ShadowmapRes: 1024
  m_ReceiverSearchDistance: 24
  m_ReceiverDistanceScale: 5
  m_LightNearSize: 4
  m_LightFarSize: 22
  m_ShadowBias: 0.0396
  m_Quad: {fileID: 10210, guid: 0000000000000000e000000000000000, type: 0}
  m_Cube: {fileID: 10202, guid: 0000000000000000e000000000000000, type: 0}
  m_ProxyShader: {fileID: 4800000, guid: 2b28be3523d190a41910088d1ee68ef7, type: 3}
  m_ShadowmapShader: {fileID: 4800000, guid: 2c4cd42b134f7864fa579350e9cf6896, type: 3}
  m_BlurShadowmapShader: {fileID: 4800000, guid: 701192b62a7678549918bc87434699fe,
    type: 3}
--- !u!114 &114175355480805120
MonoBehaviour:
  m_ObjectHideFlags: 1
  m_PrefabParentObject: {fileID: 0}
  m_PrefabInternal: {fileID: 100100000}
  m_GameObject: {fileID: 1574063016138176}
  m_Enabled: 1
  m_EditorHideFlags: 0
  m_Script: {fileID: 11500000, guid: 5a3b99ed98424ea4587ec18d930a1d77, type: 3}
  m_Name: 
  m_EditorClassIdentifier: 
  m_Intensity: 1.11
  m_Color: {r: 1, g: 0.67941177, b: 0.19852942, a: 1}
  m_Range: 4.24
  m_Radius: 0.11
  m_Length: 1.5
  m_Sphere: {fileID: 10207, guid: 0000000000000000e000000000000000, type: 0}
  m_Capsule: {fileID: 10208, guid: 0000000000000000e000000000000000, type: 0}
  m_ProxyShader: {fileID: 4800000, guid: 2e6fd90941a3e3c458d01f851dca21ed, type: 3}
  m_RenderSource: 1
  m_ShadowPlanes:
  - {fileID: 114409645485564848}
  - {fileID: 0}
--- !u!114 &114194053341500424
MonoBehaviour:
  m_ObjectHideFlags: 1
  m_PrefabParentObject: {fileID: 0}
  m_PrefabInternal: {fileID: 100100000}
  m_GameObject: {fileID: 1003990146264896}
  m_Enabled: 1
  m_EditorHideFlags: 0
  m_Script: {fileID: 11500000, guid: 792909cacf2415c48a1d7eebef426b5d, type: 3}
  m_Name: 
  m_EditorClassIdentifier: 
  m_RenderSource: 1
  m_Size: {x: 0.39, y: 2.71, z: 10.38}
  m_Angle: 100
  m_Intensity: 1.45
  m_Color: {r: 0.9632353, g: 0.90071297, b: 0.7365917, a: 1}
  m_Shadows: 1
  m_ShadowCullingMask:
    serializedVersion: 2
    m_Bits: 4294967295
  m_ShadowmapRes: 1024
  m_ReceiverSearchDistance: 24
  m_ReceiverDistanceScale: 5
  m_LightNearSize: 4
  m_LightFarSize: 22
  m_ShadowBias: 0.0396
  m_Quad: {fileID: 10210, guid: 0000000000000000e000000000000000, type: 0}
  m_Cube: {fileID: 10202, guid: 0000000000000000e000000000000000, type: 0}
  m_ProxyShader: {fileID: 4800000, guid: 2b28be3523d190a41910088d1ee68ef7, type: 3}
  m_ShadowmapShader: {fileID: 4800000, guid: 2c4cd42b134f7864fa579350e9cf6896, type: 3}
  m_BlurShadowmapShader: {fileID: 4800000, guid: 701192b62a7678549918bc87434699fe,
    type: 3}
--- !u!114 &114213302827408886
MonoBehaviour:
  m_ObjectHideFlags: 1
  m_PrefabParentObject: {fileID: 0}
  m_PrefabInternal: {fileID: 100100000}
  m_GameObject: {fileID: 1191036257957656}
  m_Enabled: 1
  m_EditorHideFlags: 0
  m_Script: {fileID: 11500000, guid: 66d8e50a047abb54aa901236f0ed84d2, type: 3}
  m_Name: 
  m_EditorClassIdentifier: 
  m_Feather: 2.47
--- !u!114 &114260486406006636
MonoBehaviour:
  m_ObjectHideFlags: 1
  m_PrefabParentObject: {fileID: 0}
  m_PrefabInternal: {fileID: 100100000}
  m_GameObject: {fileID: 1798189909515876}
  m_Enabled: 1
  m_EditorHideFlags: 0
  m_Script: {fileID: 11500000, guid: 66d8e50a047abb54aa901236f0ed84d2, type: 3}
  m_Name: 
  m_EditorClassIdentifier: 
  m_Feather: 2.47
--- !u!114 &114331641073901778
MonoBehaviour:
  m_ObjectHideFlags: 1
  m_PrefabParentObject: {fileID: 0}
  m_PrefabInternal: {fileID: 100100000}
  m_GameObject: {fileID: 1811005563499946}
  m_Enabled: 1
  m_EditorHideFlags: 0
  m_Script: {fileID: 11500000, guid: 5a3b99ed98424ea4587ec18d930a1d77, type: 3}
  m_Name: 
  m_EditorClassIdentifier: 
  m_Intensity: 0.51
  m_Color: {r: 1, g: 0.67941177, b: 0.19852942, a: 1}
  m_Range: 4.24
  m_Radius: 0.11
  m_Length: 1.5
  m_Sphere: {fileID: 10207, guid: 0000000000000000e000000000000000, type: 0}
  m_Capsule: {fileID: 10208, guid: 0000000000000000e000000000000000, type: 0}
  m_ProxyShader: {fileID: 4800000, guid: 2e6fd90941a3e3c458d01f851dca21ed, type: 3}
  m_RenderSource: 1
  m_ShadowPlanes:
  - {fileID: 114722315867490090}
  - {fileID: 0}
--- !u!114 &114353843767575006
MonoBehaviour:
  m_ObjectHideFlags: 1
  m_PrefabParentObject: {fileID: 0}
  m_PrefabInternal: {fileID: 100100000}
  m_GameObject: {fileID: 1706179558149576}
  m_Enabled: 1
  m_EditorHideFlags: 0
  m_Script: {fileID: 11500000, guid: 792909cacf2415c48a1d7eebef426b5d, type: 3}
  m_Name: 
  m_EditorClassIdentifier: 
  m_RenderSource: 1
  m_Size: {x: 0.39, y: 2.71, z: 10.38}
  m_Angle: 100
  m_Intensity: 1.45
  m_Color: {r: 0.89705884, g: 0.36278117, b: 0.4180511, a: 1}
  m_Shadows: 1
  m_ShadowCullingMask:
    serializedVersion: 2
    m_Bits: 4294967295
  m_ShadowmapRes: 1024
  m_ReceiverSearchDistance: 24
  m_ReceiverDistanceScale: 5
  m_LightNearSize: 4
  m_LightFarSize: 22
  m_ShadowBias: 0.0396
  m_Quad: {fileID: 10210, guid: 0000000000000000e000000000000000, type: 0}
  m_Cube: {fileID: 10202, guid: 0000000000000000e000000000000000, type: 0}
  m_ProxyShader: {fileID: 4800000, guid: 2b28be3523d190a41910088d1ee68ef7, type: 3}
  m_ShadowmapShader: {fileID: 4800000, guid: 2c4cd42b134f7864fa579350e9cf6896, type: 3}
  m_BlurShadowmapShader: {fileID: 4800000, guid: 701192b62a7678549918bc87434699fe,
    type: 3}
--- !u!114 &114409645485564848
MonoBehaviour:
  m_ObjectHideFlags: 1
  m_PrefabParentObject: {fileID: 0}
  m_PrefabInternal: {fileID: 100100000}
  m_GameObject: {fileID: 1490361738241566}
  m_Enabled: 1
  m_EditorHideFlags: 0
  m_Script: {fileID: 11500000, guid: 66d8e50a047abb54aa901236f0ed84d2, type: 3}
  m_Name: 
  m_EditorClassIdentifier: 
  m_Feather: 2.47
--- !u!114 &114447617444074132
MonoBehaviour:
  m_ObjectHideFlags: 1
  m_PrefabParentObject: {fileID: 0}
  m_PrefabInternal: {fileID: 100100000}
  m_GameObject: {fileID: 1025347522969192}
  m_Enabled: 1
  m_EditorHideFlags: 0
  m_Script: {fileID: 11500000, guid: 5a3b99ed98424ea4587ec18d930a1d77, type: 3}
  m_Name: 
  m_EditorClassIdentifier: 
  m_Intensity: 1.11
  m_Color: {r: 0.51982754, g: 0.75, b: 0.25919116, a: 1}
  m_Range: 4.24
  m_Radius: 0.11
  m_Length: 1.5
  m_Sphere: {fileID: 10207, guid: 0000000000000000e000000000000000, type: 0}
  m_Capsule: {fileID: 10208, guid: 0000000000000000e000000000000000, type: 0}
  m_ProxyShader: {fileID: 4800000, guid: 2e6fd90941a3e3c458d01f851dca21ed, type: 3}
  m_RenderSource: 1
  m_ShadowPlanes:
  - {fileID: 114822419679319802}
  - {fileID: 0}
--- !u!114 &114452677038644834
MonoBehaviour:
  m_ObjectHideFlags: 1
  m_PrefabParentObject: {fileID: 0}
  m_PrefabInternal: {fileID: 100100000}
  m_GameObject: {fileID: 1771232455786540}
  m_Enabled: 1
  m_EditorHideFlags: 0
  m_Script: {fileID: 11500000, guid: 66d8e50a047abb54aa901236f0ed84d2, type: 3}
  m_Name: 
  m_EditorClassIdentifier: 
  m_Feather: 2.47
--- !u!114 &114453572511509146
MonoBehaviour:
  m_ObjectHideFlags: 1
  m_PrefabParentObject: {fileID: 0}
  m_PrefabInternal: {fileID: 100100000}
  m_GameObject: {fileID: 1267004588675414}
  m_Enabled: 1
  m_EditorHideFlags: 0
  m_Script: {fileID: 11500000, guid: 5a3b99ed98424ea4587ec18d930a1d77, type: 3}
  m_Name: 
  m_EditorClassIdentifier: 
  m_Intensity: 0.51
  m_Color: {r: 1, g: 0.67941177, b: 0.19852942, a: 1}
  m_Range: 4.24
  m_Radius: 0.11
  m_Length: 1.5
  m_Sphere: {fileID: 10207, guid: 0000000000000000e000000000000000, type: 0}
  m_Capsule: {fileID: 10208, guid: 0000000000000000e000000000000000, type: 0}
  m_ProxyShader: {fileID: 4800000, guid: 2e6fd90941a3e3c458d01f851dca21ed, type: 3}
  m_RenderSource: 1
  m_ShadowPlanes:
  - {fileID: 114542091102590470}
  - {fileID: 0}
--- !u!114 &114466048573247606
MonoBehaviour:
  m_ObjectHideFlags: 1
  m_PrefabParentObject: {fileID: 0}
  m_PrefabInternal: {fileID: 100100000}
  m_GameObject: {fileID: 1405200819792466}
  m_Enabled: 1
  m_EditorHideFlags: 0
  m_Script: {fileID: 11500000, guid: 5a3b99ed98424ea4587ec18d930a1d77, type: 3}
  m_Name: 
  m_EditorClassIdentifier: 
  m_Intensity: 0.45
  m_Color: {r: 0.71797836, g: 0.26735508, b: 0.8455882, a: 1}
  m_Range: 4
  m_Radius: 0.06
  m_Length: 0.42
  m_Sphere: {fileID: 10207, guid: 0000000000000000e000000000000000, type: 0}
  m_Capsule: {fileID: 10208, guid: 0000000000000000e000000000000000, type: 0}
  m_ProxyShader: {fileID: 4800000, guid: 2e6fd90941a3e3c458d01f851dca21ed, type: 3}
  m_RenderSource: 1
  m_ShadowPlanes:
  - {fileID: 0}
  - {fileID: 0}
--- !u!114 &114542091102590470
MonoBehaviour:
  m_ObjectHideFlags: 1
  m_PrefabParentObject: {fileID: 0}
  m_PrefabInternal: {fileID: 100100000}
  m_GameObject: {fileID: 1574773737554586}
  m_Enabled: 1
  m_EditorHideFlags: 0
  m_Script: {fileID: 11500000, guid: 66d8e50a047abb54aa901236f0ed84d2, type: 3}
  m_Name: 
  m_EditorClassIdentifier: 
  m_Feather: 2.47
--- !u!114 &114542823980242902
MonoBehaviour:
  m_ObjectHideFlags: 1
  m_PrefabParentObject: {fileID: 0}
  m_PrefabInternal: {fileID: 100100000}
  m_GameObject: {fileID: 1630740173666546}
  m_Enabled: 1
  m_EditorHideFlags: 0
  m_Script: {fileID: 11500000, guid: 5a3b99ed98424ea4587ec18d930a1d77, type: 3}
  m_Name: 
  m_EditorClassIdentifier: 
  m_Intensity: 1.11
  m_Color: {r: 0.51982754, g: 0.75, b: 0.25919116, a: 1}
  m_Range: 4.24
  m_Radius: 0.11
  m_Length: 1.5
  m_Sphere: {fileID: 10207, guid: 0000000000000000e000000000000000, type: 0}
  m_Capsule: {fileID: 10208, guid: 0000000000000000e000000000000000, type: 0}
  m_ProxyShader: {fileID: 4800000, guid: 2e6fd90941a3e3c458d01f851dca21ed, type: 3}
  m_RenderSource: 1
  m_ShadowPlanes:
  - {fileID: 114213302827408886}
  - {fileID: 0}
--- !u!114 &114548411978201272
MonoBehaviour:
  m_ObjectHideFlags: 1
  m_PrefabParentObject: {fileID: 0}
  m_PrefabInternal: {fileID: 100100000}
  m_GameObject: {fileID: 1076136560977224}
  m_Enabled: 1
  m_EditorHideFlags: 0
  m_Script: {fileID: 11500000, guid: 792909cacf2415c48a1d7eebef426b5d, type: 3}
  m_Name: 
  m_EditorClassIdentifier: 
  m_RenderSource: 1
  m_Size: {x: 0.39, y: 2.71, z: 10.38}
  m_Angle: 100
  m_Intensity: 1.6
  m_Color: {r: 0.9632353, g: 0.90071297, b: 0.7365917, a: 1}
  m_Shadows: 1
  m_ShadowCullingMask:
    serializedVersion: 2
    m_Bits: 4294967295
  m_ShadowmapRes: 1024
  m_ReceiverSearchDistance: 24
  m_ReceiverDistanceScale: 5
  m_LightNearSize: 4
  m_LightFarSize: 22
  m_ShadowBias: 0.0396
  m_Quad: {fileID: 10210, guid: 0000000000000000e000000000000000, type: 0}
  m_Cube: {fileID: 10202, guid: 0000000000000000e000000000000000, type: 0}
  m_ProxyShader: {fileID: 4800000, guid: 2b28be3523d190a41910088d1ee68ef7, type: 3}
  m_ShadowmapShader: {fileID: 4800000, guid: 2c4cd42b134f7864fa579350e9cf6896, type: 3}
  m_BlurShadowmapShader: {fileID: 4800000, guid: 701192b62a7678549918bc87434699fe,
    type: 3}
--- !u!114 &114558757773884736
MonoBehaviour:
  m_ObjectHideFlags: 1
  m_PrefabParentObject: {fileID: 0}
  m_PrefabInternal: {fileID: 100100000}
  m_GameObject: {fileID: 1214530721529986}
  m_Enabled: 1
  m_EditorHideFlags: 0
  m_Script: {fileID: 11500000, guid: 792909cacf2415c48a1d7eebef426b5d, type: 3}
  m_Name: 
  m_EditorClassIdentifier: 
  m_RenderSource: 1
  m_Size: {x: 0.39, y: 0.92, z: 10.38}
  m_Angle: 43
  m_Intensity: 1
  m_Color: {r: 0.77856463, g: 0.9044118, b: 0.7182094, a: 1}
  m_Shadows: 1
  m_ShadowCullingMask:
    serializedVersion: 2
    m_Bits: 4294967295
  m_ShadowmapRes: 1024
  m_ReceiverSearchDistance: 24
  m_ReceiverDistanceScale: 5
  m_LightNearSize: 4
  m_LightFarSize: 22
  m_ShadowBias: 0.0396
  m_Quad: {fileID: 10210, guid: 0000000000000000e000000000000000, type: 0}
  m_Cube: {fileID: 10202, guid: 0000000000000000e000000000000000, type: 0}
  m_ProxyShader: {fileID: 4800000, guid: 2b28be3523d190a41910088d1ee68ef7, type: 3}
  m_ShadowmapShader: {fileID: 4800000, guid: 2c4cd42b134f7864fa579350e9cf6896, type: 3}
  m_BlurShadowmapShader: {fileID: 4800000, guid: 701192b62a7678549918bc87434699fe,
    type: 3}
--- !u!114 &114562967485267640
MonoBehaviour:
  m_ObjectHideFlags: 1
  m_PrefabParentObject: {fileID: 0}
  m_PrefabInternal: {fileID: 100100000}
  m_GameObject: {fileID: 1340442933240904}
  m_Enabled: 1
  m_EditorHideFlags: 0
  m_Script: {fileID: 11500000, guid: 792909cacf2415c48a1d7eebef426b5d, type: 3}
  m_Name: 
  m_EditorClassIdentifier: 
  m_RenderSource: 1
  m_Size: {x: 0.39, y: 2.71, z: 10.38}
  m_Angle: 43
  m_Intensity: 1
  m_Color: {r: 0.4852941, g: 0.7231238, b: 1, a: 1}
  m_Shadows: 1
  m_ShadowCullingMask:
    serializedVersion: 2
    m_Bits: 4294967295
  m_ShadowmapRes: 1024
  m_ReceiverSearchDistance: 24
  m_ReceiverDistanceScale: 5
  m_LightNearSize: 4
  m_LightFarSize: 22
  m_ShadowBias: 0.0396
  m_Quad: {fileID: 10210, guid: 0000000000000000e000000000000000, type: 0}
  m_Cube: {fileID: 10202, guid: 0000000000000000e000000000000000, type: 0}
  m_ProxyShader: {fileID: 4800000, guid: 2b28be3523d190a41910088d1ee68ef7, type: 3}
  m_ShadowmapShader: {fileID: 4800000, guid: 2c4cd42b134f7864fa579350e9cf6896, type: 3}
  m_BlurShadowmapShader: {fileID: 4800000, guid: 701192b62a7678549918bc87434699fe,
    type: 3}
--- !u!114 &114607899797238428
MonoBehaviour:
  m_ObjectHideFlags: 1
  m_PrefabParentObject: {fileID: 0}
  m_PrefabInternal: {fileID: 100100000}
  m_GameObject: {fileID: 1116531298766366}
  m_Enabled: 1
  m_EditorHideFlags: 0
  m_Script: {fileID: 11500000, guid: 5a3b99ed98424ea4587ec18d930a1d77, type: 3}
  m_Name: 
  m_EditorClassIdentifier: 
  m_Intensity: 1.11
  m_Color: {r: 0.9338235, g: 0.21972317, b: 0.8845753, a: 1}
  m_Range: 4.24
  m_Radius: 0.11
  m_Length: 1.5
  m_Sphere: {fileID: 10207, guid: 0000000000000000e000000000000000, type: 0}
  m_Capsule: {fileID: 10208, guid: 0000000000000000e000000000000000, type: 0}
  m_ProxyShader: {fileID: 4800000, guid: 2e6fd90941a3e3c458d01f851dca21ed, type: 3}
  m_RenderSource: 1
  m_ShadowPlanes:
  - {fileID: 114452677038644834}
  - {fileID: 0}
--- !u!114 &114643326606082420
MonoBehaviour:
  m_ObjectHideFlags: 1
  m_PrefabParentObject: {fileID: 0}
  m_PrefabInternal: {fileID: 100100000}
  m_GameObject: {fileID: 1334611087757210}
  m_Enabled: 1
  m_EditorHideFlags: 0
  m_Script: {fileID: 11500000, guid: 792909cacf2415c48a1d7eebef426b5d, type: 3}
  m_Name: 
  m_EditorClassIdentifier: 
  m_RenderSource: 1
  m_Size: {x: 0.39, y: 0.92, z: 10.38}
  m_Angle: 100
  m_Intensity: 1.6
  m_Color: {r: 0.9558824, g: 0.44279847, b: 0.44279847, a: 1}
  m_Shadows: 1
  m_ShadowCullingMask:
    serializedVersion: 2
    m_Bits: 4294967295
  m_ShadowmapRes: 1024
  m_ReceiverSearchDistance: 24
  m_ReceiverDistanceScale: 5
  m_LightNearSize: 4
  m_LightFarSize: 22
  m_ShadowBias: 0.0396
  m_Quad: {fileID: 10210, guid: 0000000000000000e000000000000000, type: 0}
  m_Cube: {fileID: 10202, guid: 0000000000000000e000000000000000, type: 0}
  m_ProxyShader: {fileID: 4800000, guid: 2b28be3523d190a41910088d1ee68ef7, type: 3}
  m_ShadowmapShader: {fileID: 4800000, guid: 2c4cd42b134f7864fa579350e9cf6896, type: 3}
  m_BlurShadowmapShader: {fileID: 4800000, guid: 701192b62a7678549918bc87434699fe,
    type: 3}
--- !u!114 &114697913474025848
MonoBehaviour:
  m_ObjectHideFlags: 1
  m_PrefabParentObject: {fileID: 0}
  m_PrefabInternal: {fileID: 100100000}
  m_GameObject: {fileID: 1952439046107504}
  m_Enabled: 1
  m_EditorHideFlags: 0
  m_Script: {fileID: 11500000, guid: 5a3b99ed98424ea4587ec18d930a1d77, type: 3}
  m_Name: 
  m_EditorClassIdentifier: 
  m_Intensity: 0.51
  m_Color: {r: 1, g: 0.67941177, b: 0.19852942, a: 1}
  m_Range: 4.24
  m_Radius: 0.11
  m_Length: 1.5
  m_Sphere: {fileID: 10207, guid: 0000000000000000e000000000000000, type: 0}
  m_Capsule: {fileID: 10208, guid: 0000000000000000e000000000000000, type: 0}
  m_ProxyShader: {fileID: 4800000, guid: 2e6fd90941a3e3c458d01f851dca21ed, type: 3}
  m_RenderSource: 1
  m_ShadowPlanes:
  - {fileID: 114078394425727618}
  - {fileID: 0}
--- !u!114 &114705960298701880
MonoBehaviour:
  m_ObjectHideFlags: 1
  m_PrefabParentObject: {fileID: 0}
  m_PrefabInternal: {fileID: 100100000}
  m_GameObject: {fileID: 1522727109945704}
  m_Enabled: 1
  m_EditorHideFlags: 0
  m_Script: {fileID: 11500000, guid: 792909cacf2415c48a1d7eebef426b5d, type: 3}
  m_Name: 
  m_EditorClassIdentifier: 
  m_RenderSource: 1
  m_Size: {x: 1.04, y: 1.71, z: 10.38}
  m_Angle: 100
  m_Intensity: 1.45
  m_Color: {r: 1, g: 0.16911763, b: 0.42697757, a: 1}
  m_Shadows: 1
  m_ShadowCullingMask:
    serializedVersion: 2
    m_Bits: 4294967295
  m_ShadowmapRes: 1024
  m_ReceiverSearchDistance: 24
  m_ReceiverDistanceScale: 5
  m_LightNearSize: 4
  m_LightFarSize: 22
  m_ShadowBias: 0.0396
  m_Quad: {fileID: 10210, guid: 0000000000000000e000000000000000, type: 0}
  m_Cube: {fileID: 10202, guid: 0000000000000000e000000000000000, type: 0}
  m_ProxyShader: {fileID: 4800000, guid: 2b28be3523d190a41910088d1ee68ef7, type: 3}
  m_ShadowmapShader: {fileID: 4800000, guid: 2c4cd42b134f7864fa579350e9cf6896, type: 3}
  m_BlurShadowmapShader: {fileID: 4800000, guid: 701192b62a7678549918bc87434699fe,
    type: 3}
--- !u!114 &114722315867490090
MonoBehaviour:
  m_ObjectHideFlags: 1
  m_PrefabParentObject: {fileID: 0}
  m_PrefabInternal: {fileID: 100100000}
  m_GameObject: {fileID: 1147766899172462}
  m_Enabled: 1
  m_EditorHideFlags: 0
  m_Script: {fileID: 11500000, guid: 66d8e50a047abb54aa901236f0ed84d2, type: 3}
  m_Name: 
  m_EditorClassIdentifier: 
  m_Feather: 2.47
--- !u!114 &114747659162956740
MonoBehaviour:
  m_ObjectHideFlags: 1
  m_PrefabParentObject: {fileID: 0}
  m_PrefabInternal: {fileID: 100100000}
  m_GameObject: {fileID: 1202425745924070}
  m_Enabled: 1
  m_EditorHideFlags: 0
  m_Script: {fileID: 11500000, guid: 5a3b99ed98424ea4587ec18d930a1d77, type: 3}
  m_Name: 
  m_EditorClassIdentifier: 
  m_Intensity: 0.51
  m_Color: {r: 1, g: 0.67941177, b: 0.19852942, a: 1}
  m_Range: 4.24
  m_Radius: 0.11
  m_Length: 1.5
  m_Sphere: {fileID: 10207, guid: 0000000000000000e000000000000000, type: 0}
  m_Capsule: {fileID: 10208, guid: 0000000000000000e000000000000000, type: 0}
  m_ProxyShader: {fileID: 4800000, guid: 2e6fd90941a3e3c458d01f851dca21ed, type: 3}
  m_RenderSource: 1
  m_ShadowPlanes:
  - {fileID: 114109367220267680}
  - {fileID: 0}
--- !u!114 &114822419679319802
MonoBehaviour:
  m_ObjectHideFlags: 1
  m_PrefabParentObject: {fileID: 0}
  m_PrefabInternal: {fileID: 100100000}
  m_GameObject: {fileID: 1899700934629734}
  m_Enabled: 1
  m_EditorHideFlags: 0
  m_Script: {fileID: 11500000, guid: 66d8e50a047abb54aa901236f0ed84d2, type: 3}
  m_Name: 
  m_EditorClassIdentifier: 
  m_Feather: 2.47
--- !u!114 &114837810092281250
MonoBehaviour:
  m_ObjectHideFlags: 1
  m_PrefabParentObject: {fileID: 0}
  m_PrefabInternal: {fileID: 100100000}
  m_GameObject: {fileID: 1111417710504638}
  m_Enabled: 1
  m_EditorHideFlags: 0
  m_Script: {fileID: 11500000, guid: 5a3b99ed98424ea4587ec18d930a1d77, type: 3}
  m_Name: 
  m_EditorClassIdentifier: 
  m_Intensity: 0.51
  m_Color: {r: 1, g: 0.67941177, b: 0.19852942, a: 1}
  m_Range: 4.24
  m_Radius: 0.11
  m_Length: 1.5
  m_Sphere: {fileID: 10207, guid: 0000000000000000e000000000000000, type: 0}
  m_Capsule: {fileID: 10208, guid: 0000000000000000e000000000000000, type: 0}
  m_ProxyShader: {fileID: 4800000, guid: 2e6fd90941a3e3c458d01f851dca21ed, type: 3}
  m_RenderSource: 1
  m_ShadowPlanes:
  - {fileID: 114260486406006636}
  - {fileID: 0}
--- !u!114 &114884861220522408
MonoBehaviour:
  m_ObjectHideFlags: 1
  m_PrefabParentObject: {fileID: 0}
  m_PrefabInternal: {fileID: 100100000}
  m_GameObject: {fileID: 1679527482766800}
  m_Enabled: 1
  m_EditorHideFlags: 0
  m_Script: {fileID: 11500000, guid: 66d8e50a047abb54aa901236f0ed84d2, type: 3}
  m_Name: 
  m_EditorClassIdentifier: 
  m_Feather: 2.47
--- !u!114 &114963978672587892
MonoBehaviour:
  m_ObjectHideFlags: 1
  m_PrefabParentObject: {fileID: 0}
  m_PrefabInternal: {fileID: 100100000}
  m_GameObject: {fileID: 1049384871797630}
  m_Enabled: 1
  m_EditorHideFlags: 0
  m_Script: {fileID: 11500000, guid: 5a3b99ed98424ea4587ec18d930a1d77, type: 3}
  m_Name: 
  m_EditorClassIdentifier: 
  m_Intensity: 1.11
  m_Color: {r: 0.51982754, g: 0.75, b: 0.25919116, a: 1}
  m_Range: 4.24
  m_Radius: 0.11
  m_Length: 1.5
  m_Sphere: {fileID: 10207, guid: 0000000000000000e000000000000000, type: 0}
  m_Capsule: {fileID: 10208, guid: 0000000000000000e000000000000000, type: 0}
  m_ProxyShader: {fileID: 4800000, guid: 2e6fd90941a3e3c458d01f851dca21ed, type: 3}
  m_RenderSource: 1
  m_ShadowPlanes:
  - {fileID: 114884861220522408}
  - {fileID: 0}
